7736 6128
5855 1526 102 118 68

4016 1491 950 148 le 17 fevrier 1744.

3985 1644 1901 173 Monsieur Thomspson fut a onze

3990 1761 1834 159 heures du matin dans la Cour des

3975 1869 2013 168 Princes, on Croit que c'est chez Mᵈᵉ

3959 1986 2049 179 de Manconseil mais on n'en est pas

3959 2109 2055 158 Sur, il rentrat chez luy a deux

3965 2246 2023 149 heures et resorty a six pour aller

3949 2364 2059 153 chez le Ministre de Pologne, jl

3959 2497 1901 189 ne descendit pas de son Equipage

3934 2604 2013 184 jl envoya seulement un de ses domes¬

3949 2737 2070 194 tique Ce qu'il fit aussi ruë des petits

3919 2869 2069 169 augustins vis a vis la ruë des Marais

3898 2992 2080 174 dans un hotel garni ou logent des

3939 3115 639 168 Etrangers.

3954 3227 292 158 le 18

3934 3344 2090 205 le dit sieur Thomspson ne sorti pas

3929 3482 2095 194 l'ambassadeur de l'empereur passâ

3944 3615 1334 179 l'apres midi avec luy.

3919 3753 1860 189 le 19 jl ne sorti pas et ne vit

3934 3906 598 230 personne.

5334 1515 332 108 M duual

5288 1572 439 143 rendu compte
