7724 6140
1627 1432 2171 205 a quatre heures et demie et a rentré chez

1617 1560 2165 210 Luy et Le sʳ. Bergmann est arrivé de

1632 1708 2043 195 Versailles a six heures du soir dans un

1643 1836 1719 205 carosse a deux, jl y etoit seul

1602 2021 2114 204 Le 29ᵉ Le sʳ. demines a été a onze

1591 2189 2171 169 heures et demis en Carosse de Remise chez

1571 2322 2211 200 Moret traiteur rüe des Boucheries faubourg

1576 2461 2216 220 Sᵗ. Germain n'ayant pas trouvé La personne

1571 2604 2124 194 a que jl vouloit paler jl a retourné chez

1545 2722 2140 199 Luy et a été diner a une heure a lhotel

1520 2860 2221 235 d'Espagne avec Le sʳ. Bergmann, apres Le

1515 3029 2199 220 diné jls ont été au Caffé Baptiste ou

1520 3172 2247 235 jls ont demandé quelqu'un qui ny etoit

1525 3300 2232 240 pas, jls ont été chez Le traiteur ci dessus

1509 3489 2176 184 denommé ou jls n'ont touvé personne jls

1515 3617 2190 215 ont retournes chez Eux et en sont sortis

1515 3770 2170 195 a Cinq heures jls ont encore été chez

1499 3898 2135 215 Le dit traiteur a qui jls ont parlés un

1494 4042 2170 204 instant et se sont fait conduire rüe

1489 4185 2273 194 Taranne chez Le sʳ. Grimanet ou jl ont restés

1479 4318 2267 189 trois heures a neuf heures jls ont rentrés chez Eux

6413 1330 72 118 37

4586 1411 1945 195 Le 4 Mʳˢ. demines et Bergmann

4576 1581 1975 153 dinerent a l'hôtel d'Espagne et paserent

4550 1719 1996 209 l'apres midi au Caffé Bêche d'ou jls ne

4550 1877 1904 236 sortirent que pour rentrer chez Eux

4570 2128 1986 194 Le 5. Mᵉʳˢ. deMines et Bergmann

4576 2282 1909 204 N'ont sortis aujourdhuy que pour

4591 2435 1909 200 aller a l'hôtel dEspagne diner et

4586 2609 1837 164 au Caffé Bêche on-a vû entrer

4586 2752 1889 225 chez Eux ce matin un domestique

4581 2906 1412 281 de L'ambassadeur de Suede
