7760 6140
6388 1289 92 128 52

4345 1453 666 158 le 20 fevrier

4335 1606 2206 159 les mouches ayant été obligées de quitter

4315 1729 2247 153 les environs de la porte de Mʳ. Thomspson

4309 1847 2263 153 peu de tems avant qu'il sorti (par les raison

4309 1959 2166 164 que nous avons dittes dans un rapport

4320 2067 2231 189 fait a ce sujet) ne purent le rejoindre,

4320 2200 2119 158 elles le virent rentrer a deux heures ;

4315 2317 1592 159 il ne sorti pas l'apres midi

4315 2430 276 153 le 21

4309 2522 2227 164 le dit Sieur fut dans la matinée a l'hôtel

4299 2650 2186 179 de la Guette ou demeuroit Mʳ. Markel,

4299 2773 2099 169 à Celuy des Dames de france ou est

4309 2875 2258 189 arrivé l'incendie et a lhôtel des Asturies

4315 3003 2221 169 ruë du Sepulchre faubourg sᵗ. Germain,

4309 3121 2242 169 ou demeuroit l'anglois qui a été brulé

4320 3243 2221 149 avec M Markel : jl est bon d'observer

4299 3351 2268 184 que c'est chez ce même Anglois qu'alloit

4299 3474 2165 179 M Markel et qu'on-y a quelque fois

4315 3597 2196 168 vû chateau et la femme à Capotte

4309 3724 2022 149 dont Marvil a parlé dans differents

4309 3837 2176 164 rapport. le dit sieur Thomspson rentrâ

4309 3965 2135 169 a midi et passâ l'apres diné avec

4309 4093 2135 169 plusieurs Etrangers dont le Capitaine

4299 4205 2201 185 Anglois étoit, ainsy que nous le dirons

4315 4323 1873 148 dans le rapport qui le Concerne.

4304 4420 1638 179 aujourdhuy 22 - jl n'a pas sorti
