7724 6140
6260 1425 102 125 67

3966 1473 645 154 le 17 fevrier

3956 1616 1868 164 Monsieur Bergmann ne sorti pas

3956 1734 2467 194 Monsieur Mines fut le dit jour diner a l'hôtel

3925 1862 2483 148 d'Espagne., a quatre heures jl prit en passant

3972 1975 2441 184 au caffé Beche l'inconnu avec lequel il avoit

3966 2082 2319 184 été la veille, jls furent ensemble Chez

3946 2210 2447 184 Moret traiteur, ils parlerent a un Etranger

3961 2328 2360 204 et l'emmenerent a l'hôtel d'Anjou ou jl

3956 2450 2426 220 n'entrerent pas parcequ'il ny avoit personne,

3956 2583 2058 215 et furent se promener a la foire.

3961 2763 302 148 le 18

3931 2834 2385 215 Monsieur Mines ne sorti que pour aller à

3951 2962 2088 215 l'hôtel d'Espagne et au Caffé Beche

3946 3105 2329 220 Monsieur Bergmann passâ la matinée

3982 3243 2232 200 a lhôtel d'anjou, et le restant de la

3977 3397 1464 179 journée avec Mʳ Mines.

3972 3540 312 215 le 19

3966 3663 2478 246 les Messieurs ne furent qu'a lhotel dEspagne

3982 3837 691 199 et au Caffé
