7700 6116
6124 1386 102 178 73

4084 1365 536 169 Monsieur

3941 1564 2326 184 j'ay lhonneur de vous informer qu'avant hier 20.

3895 1697 2428 204 fevrier a cinq heures apres midi trois Mʳˢ. dont un

3911 1850 2401 193 porte une crois de Chevalier attaquerent dans la

3911 1952 2361 193 rüe du Regard trois Mouches que jy avois posées

3885 2089 2356 214 pour lhomme dont on attend Le depart, deux des

3870 2222 2412 234 dittes Mouches prirent La fuite La troisieme plus

3875 2354 2234 209 aguerie Crû qu'en payant Ces Mʳˢ. de bonnes

3855 2497 2417 270 raison jls se retireroient elle fut La dupe de sa

3844 2619 2285 245 securité Ces Mʳˢ. Le Maltraiterent un d'eux Luy

3834 2742 2453 249 dona un coup d'Epée sur La tête qui ne le blessa

3834 2905 2336 219 pas mais qui Luy coupa son Chapeau cette même

3824 3027 2392 234 Mouche retourna prendre son poste hier a quatre

3824 3139 2432 311 heures apres midi pour y passer La nuit Comme elle

3819 3277 2427 275 alloit et venoit dans La ditte rüe du Regard elle

3793 3414 2392 281 fut tout d'un Coup assaillies par trois Mʳˢ. de la

5604 3475 122 133 les

3819 3567 2422 291 veille qui la forcerent d'entrer dans La Maison qui

3793 3700 2351 280 fait face a celle qu'on observe elle se Laissa

3804 3842 2401 286 Conduire sans resistance parcequ'elle avoit remarqué

3799 3970 2427 275 que toutes les porte voisines même Celle de la Maison

3799 4118 2437 234 en question etoient remplis de domestique dont elle

3804 4235 2427 229 vouloit eviter d'etre vüe sa prudence nous a été

3788 4357 2254 433 tres utile puisqu'on ne C'est appercû de rien
