7688 6140
1499 1361 2048 194 Rapport des visitteur de mʳ. Lambassadʳ. d'hollande

1868 1483 604 159 du 19ᵉ 9ᵇʳᵉ.

1458 1565 840 179 chez mʳ. de Romieux

1458 1683 1408 184 chez mʳ. Dargenson. Secretaire d'Etat

1458 1811 1249 184 chez mʳ. Lambassadʳ. d'Espagne

1448 1918 2257 246 chez mʳ. Le Cardinal Tancin diné auec LEnvoyé de Suede

1438 2046 1684 210 mʳ. Le Nonce et LEnvoyé de Prusse

1811 2164 272 143 Du 20.

1463 2230 1331 185 chez mʳ. Roullier ruë despoulies

1453 2353 1623 200 chez mʳ. marechal a L'hotel d'antragues

1453 2486 978 149 chez mʳ. Labbé a Larys

1458 2583 1147 174 chez mʳ. LEnvoyé de Prusse

1469 2696 962 148 chez mᵈᵉ. de Mazarin

1448 2793 1490 205 chez mʳ. Lambassadʳ. de Portugal

1683 2911 251 143 du 21.

1453 2983 1408 168 chez mʳ. Lambassadʳ. de Portugal

1438 3126 1049 143 du 22. point de sortis

1443 3238 1858 272 Le 23. Lambassadʳ. est partis pour Versailles

2016 3489 727 164 ce 24ᵉ. 9ᵇʳᵉ.

1494 3689 2104 179 Les hollandois Leve douze mille homme de

1474 3806 788 231 nouvelles troupe

6403 1555 123 153 426

5625 1290 312 137 M duual

5425 1391 466 98 rendu compte

5968 1253 378 148 1ᵉʳ. Xᵇʳᵉ. 1744.

5993 1361 200 127 dit

5405 1458 1075 143 dit a poussot de cesser les observations

5389 1534 707 123 sur lambassadeur dhollande

5364 1596 1023 153 et de faire observer exactement lenvoyé

5369 1683 1090 123 de dannemarc, celuy de suede, et ch de

5359 1749 1141 133 lausse envoyé de pologne, sil? pouuoit faire?

5359 1826 1126 113 quelques domestiques chés ses etranger cela

5824 1898 456 71 me feroit plaisir

4427 1391 942 123 Du 23. 9ᵇʳᵉ 1744.

4064 1841 2446 226 Mʳ. LAmbassadʳ. d'hollande est allé a versailles, M

4048 1980 1305 174 en est revenu le 24. au soir

4043 2102 2319 185 Le 24. Mʳ. L'Envoyé de Dannemark a eté a versailles

4048 2225 2293 231 mʳ. fesche et mʳ. DEstainville y sont eté ensemble

4048 2369 2314 194 Le 25. Mʳ. Lambaffadʳ. dhollande adiné chez mʳ.

4002 2496 1899 185 Lambassadʳ. d'Espagne, auec mʳ. le nonce

4048 2635 1561 174 dela il a eté chez mᵈᵉ. Mazarin,

4048 2763 2524 214 Lapresmidy LEnvoyé de Dannemark mʳ. fesche mʳ. dEstainville

4033 2890 1827 179 ont eté chez Dom Louis a Lassemblée

4028 3008 2508 205 Le 26. mʳ. Lambassadʳ. dhollande a eté chez Dom Louis

4023 3146 2431 225 au Roulle, chez Mᵈᵉ. LaContesse de groslay, et chez

4028 3259 486 148 mᵈᵉ. tancin

4053 3376 2345 205 Les gens de Lambassadʳ. d'hollande ont dit que le

4018 3510 2554 240 Roy de Prusse alloit faire La paix auec la Reyne d'hongrie

4018 3643 2369 214 et même jl y est arrivé Mʳ. le marechal de Sennetot

4023 3760 2410 246 Envoyé Extraordinaire du Roy de Prusse lequel loge

4018 3893 2497 236 a Lotel D'antragues, ruë de tournon, il devoit diner

4007 4021 2426 225 hier vendredy, chez mʳ. legrand Chambelan, auec

4018 4159 2477 225 mʳ. L'Envoyé de dannemark, mʳ. Chamberies mʳ.

3987 4282 2221 292 Lambassadʳ. d'hollande et d'autres Etrangers
