7748 6140
6488 1397 98 199 23

5680 1432 527 164 M duual

5695 1555 701 200 rendu compte

4477 1678 773 194 Du 16. Janvier

4278 2046 2132 202 Monsieur Roullier lequel demeure Ruë du

4360 2189 2205 216 Chevalier du Guet a donné aujourd'huy a diné, et il

4360 2319 2190 193 sy est trouvé Mʳ. Thompson, Mʳ. Gundel mʳ.

4355 2435 2205 202 fesche Mʳ. de Stainville, vn Anglois et vne Angloise

4349 2553 2124 210 qui demeure cher mʳ. Le Chevalier Lambert ruë

4334 2650 2147 241 de Bourbon faubourg Sᵗ. Germain, et a Mʳ.

4344 2773 2196 216 Labbé Girardin lequel est Jrlandois, ce diné

4344 2911 2288 203 a duré depuis deux heures Jusqu'a neufheures

4324 3023 2119 232 du soir, apres quoy mʳ. Thompson, mʳ.

4329 3131 2144 199 fesche mʳ. Gundel s'en sont retournés chez

4339 3259 2139 196 mʳ. Thompson et se sont mis a travaillés

4314 3371 2282 216 jusqu'à minuit de la mʳ. Gundel est rentré chez

4288 3489 2288 240 luy et a travaillé seul Jusqu'a sept heures

4293 3612 2216 214 du matin ou il a expedié toutes ses lettres

4283 3740 2247 225 Mʳ. Le Prince charles est venu hier chez luy

4298 3863 2237 209 et Mʳ. Gundel continû tout les jours dy aller

4283 3975 2272 218 jl y a vn anglois, Logé chez milord Bethmene

4237 4093 2364 210 deguisé en Abbé, jen ay déja parlé dans

4288 4236 2165 202 quelques Raport, cet homme est icy pour

4247 4344 2252 219 sinformer dece qu'il se passe, et il a de

4303 4466 2078 205 grandes frequantations auec ces messieurs

4278 4584 1013 144 dessus denommés
