<?xml version="1.0" encoding="UTF-8"?>
<alto xmlns:xsi="http://www.w3.org/2001/XMLSchema-instance"
      xmlns="http://www.loc.gov/standards/alto/ns-v4#"
      xsi:schemaLocation="http://www.loc.gov/standards/alto/ns-v4# http://www.loc.gov/standards/alto/v4/alto-4-2.xsd">
  <Description>
    <MeasurementUnit>pixel</MeasurementUnit>
    <sourceImageInformation>
      <fileName>btv1b107242563_f14.jpg</fileName>
      
    </sourceImageInformation>
  </Description>
  
  <Tags>
    <OtherTag ID="BT1659" LABEL="DamageZone" DESCRIPTION="block type DamageZone"/><OtherTag ID="BT1660" LABEL="DigitizationArtefactZone" DESCRIPTION="block type DigitizationArtefactZone"/><OtherTag ID="BT1661" LABEL="MainZone" DESCRIPTION="block type MainZone"/><OtherTag ID="BT1662" LABEL="MarginTextZone" DESCRIPTION="block type MarginTextZone"/><OtherTag ID="BT1663" LABEL="NumberingZone" DESCRIPTION="block type NumberingZone"/><OtherTag ID="BT1664" LABEL="QuireMarksZone" DESCRIPTION="block type QuireMarksZone"/><OtherTag ID="BT1665" LABEL="RunningTitleZone" DESCRIPTION="block type RunningTitleZone"/><OtherTag ID="BT1666" LABEL="StampZone" DESCRIPTION="block type StampZone"/><OtherTag ID="BT1667" LABEL="TableZone" DESCRIPTION="block type TableZone"/><OtherTag ID="BT1668" LABEL="TitlePageZone" DESCRIPTION="block type TitlePageZone"/>
    <OtherTag ID="LT637" LABEL="DefaultLine" DESCRIPTION="line type DefaultLine"/><OtherTag ID="LT638" LABEL="HeadingLine" DESCRIPTION="line type HeadingLine"/><OtherTag ID="LT639" LABEL="InterlinearLine" DESCRIPTION="line type InterlinearLine"/>
  </Tags>
  
  <Layout>
    <Page WIDTH="7712"
          HEIGHT="6140"
          PHYSICAL_IMG_NR="0"
          ID="eSc_dummypage_">
      <PrintSpace HPOS="0"
                  VPOS="0"
                  WIDTH="7712"
                  HEIGHT="6140">
        
        <TextBlock HPOS="4008"
                   VPOS="1439"
                   WIDTH="2594"
                   HEIGHT="3217"
                   ID="eSc_textblock_a574342f"
                   TAGREFS="BT1661">
          <Shape><Polygon POINTS="4107 1469 4008 4532 5582 4631 6249 4656 6516 4434 6602 1449 6475 1447 6447 1447 5923 1439 5267 1450"/></Shape>
          
          
          <TextLine ID="eSc_line_9388c049"
                    TAGREFS="LT637"
                    BASELINE="6407 1473 6483 1473" 
                    HPOS="6407"
                    VPOS="1412"
                    WIDTH="76"
                    HEIGHT="133">
            <Shape><Polygon POINTS="6407 1540 6478 1545 6483 1473 6458 1412 6407 1473"/></Shape>
	    <String CONTENT="10"
                    HPOS="6407"
                    VPOS="1412"
                    WIDTH="76"
                    HEIGHT="133"></String>
          </TextLine>

          
          
          <TextLine ID="eSc_line_c5dda135"
                    TAGREFS="LT638"
                    BASELINE="5624 1560 6115 1545" 
                    HPOS="5618"
                    VPOS="1432"
                    WIDTH="497"
                    HEIGHT="149">
            <Shape><Polygon POINTS="6028 1442 6002 1442 5936 1463 5782 1432 5777 1432 5772 1432 5618 1473 5624 1560 5624 1581 6115 1570 6115 1545 6110 1458 6094 1448 6079 1448"/></Shape>
	    <String CONTENT="M Duual"
                    HPOS="5618"
                    VPOS="1432"
                    WIDTH="497"
                    HEIGHT="149"></String>
          </TextLine>

          
          
          <TextLine ID="eSc_line_931ed59a"
                    TAGREFS="LT638"
                    BASELINE="5562 1657 6094 1642" 
                    HPOS="5557"
                    VPOS="1550"
                    WIDTH="537"
                    HEIGHT="133">
            <Shape><Polygon POINTS="5562 1683 6089 1683 6094 1642 6079 1550 5557 1575 5562 1657"/></Shape>
	    <String CONTENT="rendu compte"
                    HPOS="5557"
                    VPOS="1550"
                    WIDTH="537"
                    HEIGHT="133"></String>
          </TextLine>

          
          
          <TextLine ID="eSc_line_e8ba069b"
                    TAGREFS="LT637"
                    BASELINE="4252 1611 4800 1586" 
                    HPOS="4242"
                    VPOS="1473"
                    WIDTH="558"
                    HEIGHT="169">
            <Shape><Polygon POINTS="4441 1473 4349 1524 4334 1534 4242 1534 4252 1611 4252 1642 4795 1606 4800 1586 4784 1499 4590 1504 4482 1473 4447 1473"/></Shape>
	    <String CONTENT="Monsieur"
                    HPOS="4242"
                    VPOS="1473"
                    WIDTH="558"
                    HEIGHT="169"></String>
          </TextLine>

          
          
          <TextLine ID="eSc_line_d79b80ec"
                    TAGREFS="LT637"
                    BASELINE="4129 1862 4897 1841 6570 1898" 
                    HPOS="4091"
                    VPOS="1712"
                    WIDTH="2479"
                    HEIGHT="267">
            <Shape><Polygon POINTS="4091 1979 4264 1936 4390 1908 4395 1908 4401 1908 4406 1908 4411 1908 4416 1908 4482 1867 4702 1867 4774 1903 4779 1903 4784 1903 4789 1903 4887 1872 5163 1898 5168 1898 5455 1882 5521 1934 5526 1934 5531 1934 5746 1939 5752 1939 5757 1939 5762 1939 5864 1898 5956 1939 5966 1944 5972 1944 5977 1944 5982 1944 5992 1944 6079 1913 6135 1944 6146 1949 6151 1949 6156 1949 6192 1949 6468 1913 6555 1954 6570 1898 6565 1806 6447 1811 6427 1801 6355 1755 6350 1755 6345 1755 6340 1755 6335 1755 6181 1795 6156 1801 6100 1795 5854 1760 5849 1760 5844 1760 5762 1790 5741 1795 5736 1785 5685 1744 5680 1744 5675 1744 5670 1744 5665 1744 5557 1785 5542 1790 5531 1785 5460 1734 5455 1734 5450 1734 5444 1734 5250 1775 4943 1724 4938 1724 4748 1760 4580 1714 4575 1714 4472 1714 4467 1714 4462 1714 4457 1714 4385 1760 4375 1765 4145 1712 4129 1862"/></Shape>
	    <String CONTENT="j&#39;ay lhonneur de vous rendre Compte que suivant"
                    HPOS="4091"
                    VPOS="1712"
                    WIDTH="2479"
                    HEIGHT="267"></String>
          </TextLine>

          
          
          <TextLine ID="eSc_line_d8163bf1"
                    TAGREFS="LT637"
                    BASELINE="4088 1988 6616 2082" 
                    HPOS="4078"
                    VPOS="1903"
                    WIDTH="2533"
                    HEIGHT="240">
            <Shape><Polygon POINTS="4078 2031 4104 2056 4104 2062 4109 2062 4114 2062 4119 2062 4436 2056 4498 2082 4503 2082 4508 2087 4769 2087 4769 2082 4774 2082 4892 2046 4861 2141 4922 2077 4922 2082 4928 2082 4933 2082 4938 2082 5143 2056 5194 2102 5194 2108 5199 2108 5204 2108 5209 2108 5444 2067 5460 2067 5465 2067 5516 2092 5521 2092 5526 2092 5531 2092 5608 2072 5618 2072 5629 2077 5762 2128 5767 2128 5772 2128 5777 2128 5915 2087 5920 2087 5951 2087 6350 2123 6355 2123 6360 2123 6417 2108 6432 2102 6437 2108 6478 2143 6483 2143 6488 2143 6494 2143 6499 2143 6606 2113 6611 2077 6606 1995 6463 1969 6458 1969 6453 1969 6417 1985 6391 2000 6371 1985 6340 1959 6335 1959 6330 1959 6146 1954 6140 1954 6135 1954 6130 1954 6100 1980 6084 1990 6043 1975 5946 1944 5941 1944 5936 1944 5931 1944 5849 1969 5813 1980 5803 1969 5767 1939 5762 1939 5757 1939 5752 1939 5746 1939 5659 1964 5634 1969 5572 1959 5383 1934 5378 1934 5209 1949 5158 1954 5148 1949 5081 1913 5076 1913 5071 1913 4933 1944 4917 1944 4902 1939 4820 1913 4815 1913 4810 1913 4805 1913 4743 1934 4728 1939 4682 1934 4457 1903 4452 1903 4083 1913 4083 1985"/></Shape>
	    <String CONTENT="vos ordres je me suis informés du sieur de barangis"
                    HPOS="4078"
                    VPOS="1903"
                    WIDTH="2533"
                    HEIGHT="240"></String>
          </TextLine>

          
          
          <TextLine ID="eSc_line_89e9ede0"
                    TAGREFS="LT637"
                    BASELINE="4088 2184 6551 2241" 
                    HPOS="4078"
                    VPOS="2087"
                    WIDTH="2472"
                    HEIGHT="205">
            <Shape><Polygon POINTS="4078 2235 4316 2273 4375 2246 4380 2246 4385 2246 4390 2241 4426 2220 4559 2241 4615 2251 4621 2251 4626 2251 4646 2246 4708 2215 4754 2246 4759 2246 4764 2246 4769 2246 4784 2246 4938 2215 4984 2246 4989 2246 4994 2246 4999 2246 5004 2246 5194 2230 5219 2251 5235 2261 5235 2266 5240 2266 5245 2266 5250 2266 5255 2266 5317 2251 5409 2225 5485 2251 5496 2256 5501 2256 5506 2256 5757 2256 6258 2251 6294 2261 6391 2292 6396 2292 6401 2292 6545 2261 6550 2235 6545 2174 6130 2133 6125 2133 5977 2154 5874 2118 5869 2118 5864 2118 5859 2118 5736 2149 5547 2123 5542 2123 5260 2138 5209 2102 5204 2102 5199 2102 5194 2102 5004 2128 4871 2097 4866 2097 4861 2097 4856 2097 4754 2128 4529 2096 4489 2092 4452 2087 4447 2087 4441 2087 4083 2113 4083 2179"/></Shape>
	    <String CONTENT="qui suivant la nôte qui m&#39;a été remise doit"
                    HPOS="4078"
                    VPOS="2087"
                    WIDTH="2472"
                    HEIGHT="205"></String>
          </TextLine>

          
          
          <TextLine ID="eSc_line_05eeab0a"
                    TAGREFS="LT637"
                    BASELINE="4088 2363 5205 2376 5434 2379 6526 2415" 
                    HPOS="4078"
                    VPOS="2241"
                    WIDTH="2446"
                    HEIGHT="199">
            <Shape><Polygon POINTS="4083 2358 4078 2379 6514 2440 6524 2409 6524 2328 6304 2328 6289 2317 6212 2276 6207 2276 6202 2276 6197 2276 6120 2307 6007 2271 6002 2271 5997 2271 5992 2271 5926 2302 5905 2312 5670 2312 5629 2292 5557 2266 5552 2266 5547 2266 5542 2266 5537 2266 5501 2287 5480 2302 5455 2287 5393 2256 5388 2256 5383 2256 5378 2256 5373 2256 5332 2282 5311 2297 5255 2282 5163 2251 5158 2251 5153 2251 5050 2271 4989 2287 4922 2266 4851 2246 4846 2246 4841 2246 4692 2261 4482 2282 4083 2241 4083 2358"/></Shape>
	    <String CONTENT="demeurer a lhôtel de la Guette rüe du four —"
                    HPOS="4078"
                    VPOS="2241"
                    WIDTH="2446"
                    HEIGHT="199"></String>
          </TextLine>

          
          
          <TextLine ID="eSc_line_e35fa2e4"
                    TAGREFS="LT637"
                    BASELINE="4073 2507 6520 2575" 
                    HPOS="4063"
                    VPOS="2389"
                    WIDTH="2456"
                    HEIGHT="246">
            <Shape><Polygon POINTS="4068 2502 4063 2568 4237 2532 4416 2578 4436 2583 4441 2583 4447 2583 4452 2583 4462 2578 4513 2548 4534 2568 4534 2573 4539 2573 4544 2573 4549 2573 4554 2573 4641 2548 4677 2583 4687 2589 4687 2594 4692 2594 4697 2594 4702 2594 4805 2583 5050 2558 5091 2589 5112 2609 5117 2609 5122 2609 5127 2614 5265 2614 5265 2609 5270 2609 5276 2609 5301 2589 5342 2568 5414 2568 5439 2594 5460 2614 5460 2619 5465 2619 5470 2619 5475 2619 5639 2594 5752 2578 5772 2599 5808 2624 5808 2629 5813 2629 5818 2629 5823 2635 5931 2635 5931 2629 5936 2629 5941 2629 5941 2624 5972 2599 5972 2594 5982 2599 6064 2635 6069 2635 6074 2635 6079 2635 6146 2604 6166 2594 6509 2604 6519 2573 6519 2507 5854 2486 5813 2440 5813 2435 5808 2435 5803 2435 5798 2435 5792 2435 5685 2476 5004 2430 4999 2430 4994 2430 4989 2430 4958 2450 4759 2404 4754 2404 4559 2430 4513 2399 4508 2399 4503 2399 4498 2399 4406 2420 4380 2399 4380 2394 4375 2394 4370 2394 4145 2389 4140 2389 4134 2389 4129 2389 4068 2420 4068 2502"/></Shape>
	    <String CONTENT="faubourg S^t Germain, jl ne paroît pas qu&#39;il —"
                    HPOS="4063"
                    VPOS="2389"
                    WIDTH="2456"
                    HEIGHT="246"></String>
          </TextLine>

          
          
          <TextLine ID="eSc_line_a4205bfa"
                    TAGREFS="LT637"
                    BASELINE="4063 2655 5040 2681 5731 2732 6509 2752" 
                    HPOS="4058"
                    VPOS="2532"
                    WIDTH="2451"
                    HEIGHT="282">
            <Shape><Polygon POINTS="4063 2655 4058 2706 4186 2737 4191 2737 4196 2737 4257 2711 4319 2691 4999 2706 5056 2732 5153 2768 5158 2768 5163 2768 5168 2768 5235 2742 5301 2778 5306 2778 5552 2788 5557 2788 5562 2788 5567 2788 5629 2747 5634 2747 5772 2747 5782 2747 5956 2803 5961 2803 5966 2803 6140 2778 6243 2814 6248 2814 6253 2814 6504 2763 6509 2752 6504 2676 6422 2676 6422 2670 6381 2619 6376 2619 6376 2614 6371 2614 6366 2614 6360 2614 6355 2614 6350 2614 6284 2660 6059 2655 5833 2655 5588 2645 5583 2640 5491 2583 5485 2583 5480 2583 5475 2583 5470 2583 5465 2583 5398 2629 5276 2573 5270 2573 5265 2573 5260 2573 5153 2624 5102 2573 5102 2568 5096 2568 5091 2568 4882 2563 4876 2563 4871 2563 4748 2609 4661 2553 4656 2553 4651 2553 4646 2553 4641 2553 4549 2589 4416 2563 4411 2563 4406 2563 4401 2563 4365 2589 4196 2532 4191 2532 4186 2532 4180 2532 4063 2578 4063 2655"/></Shape>
	    <String CONTENT="Loge au dit hôtel Le S^r joinville qui a fait"
                    HPOS="4058"
                    VPOS="2532"
                    WIDTH="2451"
                    HEIGHT="282"></String>
          </TextLine>

          
          
          <TextLine ID="eSc_line_f4e7c075"
                    TAGREFS="LT637"
                    BASELINE="4063 2803 6519 2911 6557 2919" 
                    HPOS="4053"
                    VPOS="2696"
                    WIDTH="2502"
                    HEIGHT="261">
            <Shape><Polygon POINTS="4058 2798 4053 2814 4360 2865 4365 2865 4738 2849 4774 2880 4774 2885 4779 2885 4784 2885 4917 2901 4922 2901 5127 2865 5137 2865 5143 2865 5260 2916 5265 2916 5270 2916 5383 2896 5557 2926 5562 2926 5567 2926 5685 2896 5864 2926 5869 2926 6176 2916 6289 2957 6294 2957 6299 2957 6550 2926 6555 2916 6555 2824 6227 2819 6227 2814 6202 2783 6197 2783 6197 2778 6192 2778 6186 2778 6181 2778 5828 2793 5787 2793 5772 2793 5639 2752 5634 2752 5629 2752 5624 2752 5531 2778 5516 2783 5455 2778 5143 2737 5137 2737 4974 2752 4943 2727 4943 2722 4938 2722 4933 2722 4928 2722 4779 2747 4769 2747 4764 2747 4702 2711 4697 2711 4692 2711 4687 2711 4600 2737 4585 2742 4544 2737 4319 2696 4314 2696 4058 2711 4058 2798"/></Shape>
	    <String CONTENT="un relevé des Logeants qui y sont actuellement"
                    HPOS="4053"
                    VPOS="2696"
                    WIDTH="2502"
                    HEIGHT="261"></String>
          </TextLine>

          
          
          <TextLine ID="eSc_line_4cb80825"
                    TAGREFS="LT637"
                    BASELINE="4063 2957 6541 3095" 
                    HPOS="4053"
                    VPOS="2839"
                    WIDTH="2487"
                    HEIGHT="328">
            <Shape><Polygon POINTS="4058 2952 4053 2993 4216 2993 4242 3003 4324 3049 4329 3049 4334 3049 4339 3049 4431 3018 4477 3003 4518 3023 4600 3064 4605 3064 4610 3064 4615 3064 4621 3064 4656 3034 4677 3018 4774 3044 4784 3044 4789 3044 4795 3044 4800 3044 4805 3044 4876 3023 4989 3059 5045 3075 5050 3075 5056 3075 5061 3075 5091 3064 5112 3059 5117 3064 5148 3090 5148 3095 5153 3095 5158 3095 5163 3095 5168 3095 5214 3075 5230 3070 5265 3080 5337 3095 5342 3095 5347 3095 5352 3095 5357 3095 5368 3085 5419 3054 5705 3064 5839 3090 5869 3121 5879 3131 5879 3136 5885 3136 5890 3136 6284 3156 6289 3156 6294 3156 6309 3151 6407 3121 6524 3167 6540 3090 6540 3003 6453 2962 6447 2962 6263 2952 6258 2952 6253 2952 6248 2952 6248 2957 6207 2988 6207 2993 6202 2988 6146 2962 6140 2962 6135 2962 6023 2977 5992 2983 5982 2977 5941 2947 5936 2947 5931 2947 5926 2947 5813 2967 5808 2967 5716 2921 5711 2921 5516 2916 5511 2916 5506 2916 5501 2916 5501 2921 5465 2952 5460 2952 4892 2926 4882 2916 4800 2870 4795 2870 4789 2870 4784 2870 4626 2906 4610 2906 4605 2901 4528 2855 4523 2855 4518 2855 4513 2855 4508 2855 4380 2890 4370 2890 4293 2890 4293 2885 4242 2844 4242 2839 4237 2839 4232 2839 4227 2839 4058 2870 4058 2952"/></Shape>
	    <String CONTENT="n&#39;en pale point ainsy qu&#39;on Le vera par son Etat"
                    HPOS="4053"
                    VPOS="2839"
                    WIDTH="2487"
                    HEIGHT="328"></String>
          </TextLine>

          
          
          <TextLine ID="eSc_line_7fcacef0"
                    TAGREFS="LT637"
                    BASELINE="4068 3141 4646 3156 6499 3261" 
                    HPOS="4058"
                    VPOS="3044"
                    WIDTH="2436"
                    HEIGHT="266">
            <Shape><Polygon POINTS="4063 3136 4058 3162 4165 3208 4170 3208 4175 3208 4436 3182 4534 3172 4549 3187 4554 3197 4559 3197 4559 3203 4564 3203 4569 3203 4575 3203 4718 3197 4907 3192 5004 3218 5071 3233 5076 3233 5081 3233 5086 3233 5122 3223 5178 3208 5214 3228 5276 3269 5281 3269 5286 3269 5291 3269 5588 3254 5670 3249 5680 3259 5705 3284 5705 3290 5711 3290 5716 3290 5874 3300 5879 3300 5885 3300 5961 3274 6028 3254 6146 3284 6233 3310 6238 3310 6243 3310 6248 3310 6253 3310 6268 3295 6289 3279 6488 3305 6494 3259 6494 3182 4672 3064 4667 3064 4493 3075 4462 3075 4447 3070 4365 3044 4360 3044 4354 3044 4063 3049 4063 3136"/></Shape>
	    <String CONTENT="ci joint on ne peut cependant pas dire —"
                    HPOS="4058"
                    VPOS="3044"
                    WIDTH="2436"
                    HEIGHT="266"></String>
          </TextLine>

          
          
          <TextLine ID="eSc_line_fb2bd00d"
                    TAGREFS="LT637"
                    BASELINE="4042 3310 4656 3310 5276 3371 6458 3407" 
                    HPOS="4042"
                    VPOS="3192"
                    WIDTH="2416"
                    HEIGHT="282">
            <Shape><Polygon POINTS="4042 3310 4047 3392 4109 3336 4252 3336 4595 3346 4641 3397 4646 3397 4646 3402 4651 3402 4656 3402 4661 3402 4667 3402 4672 3402 4677 3397 4748 3356 4887 3356 4948 3402 4984 3428 4989 3428 4994 3428 5081 3433 5086 3433 5230 3402 5306 3387 5327 3402 5347 3423 5347 3428 5352 3428 5357 3428 5363 3428 5368 3428 5439 3407 5450 3402 5455 3407 5496 3443 5496 3448 5501 3448 5506 3448 5511 3448 5731 3423 5813 3458 5818 3458 5823 3458 5828 3458 6007 3412 6013 3412 6074 3469 6079 3469 6084 3469 6222 3474 6227 3474 6233 3474 6238 3474 6238 3469 6284 3433 6391 3448 6396 3448 6401 3448 6453 3417 6458 3407 6458 3325 6366 3325 6366 3320 6325 3279 6325 3274 6320 3274 6314 3274 6309 3274 6304 3274 6248 3305 6197 3269 6192 3269 6186 3269 6181 3269 6176 3269 6064 3305 5675 3295 5368 3290 5291 3284 5281 3284 5235 3238 5235 3233 5230 3233 5224 3233 5219 3233 5214 3233 5091 3274 4943 3223 4938 3223 4933 3223 4928 3223 4815 3254 4789 3233 4789 3228 4784 3228 4779 3228 4273 3197 4267 3197 4262 3197 4170 3223 4119 3192 4114 3192 4109 3192 4104 3192 4099 3192 4093 3192 4078 3197 4042 3310"/></Shape>
	    <String CONTENT="positivement qu&#39;il ni soit pas puisque le sieur"
                    HPOS="4042"
                    VPOS="3192"
                    WIDTH="2416"
                    HEIGHT="282"></String>
          </TextLine>

          
          
          <TextLine ID="eSc_line_ba7be48e"
                    TAGREFS="LT637"
                    BASELINE="4047 3463 6524 3591" 
                    HPOS="4042"
                    VPOS="3356"
                    WIDTH="2482"
                    HEIGHT="271">
            <Shape><Polygon POINTS="4053 3361 4047 3463 4042 3499 4314 3499 4329 3515 4339 3530 4344 3530 4344 3535 4349 3535 4354 3535 4360 3535 4462 3520 4528 3510 4544 3525 4554 3540 4559 3540 4559 3545 4564 3545 4569 3545 4575 3545 4580 3545 4585 3545 4610 3525 4631 3515 4667 3530 4733 3556 4738 3556 4743 3556 4748 3556 4754 3556 4784 3535 4800 3525 4922 3525 4953 3540 5030 3571 5035 3571 5040 3571 5045 3571 5050 3571 5081 3545 5086 3540 5107 3550 5163 3571 5168 3571 5173 3571 5414 3561 5475 3561 5511 3566 5731 3607 5736 3607 5900 3581 5915 3581 5920 3581 5961 3617 5966 3617 5972 3617 6125 3627 6130 3627 6519 3607 6524 3591 6514 3484 6458 3499 6407 3479 6376 3463 6371 3463 6366 3463 6360 3463 6355 3463 6355 3469 6345 3474 6320 3504 6233 3504 6094 3463 6064 3453 6059 3453 6053 3453 5987 3458 5736 3474 5670 3438 5634 3423 5629 3423 5624 3423 5618 3423 5588 3438 5531 3463 5404 3428 5337 3407 5332 3407 5327 3407 5224 3417 5045 3438 5030 3417 5025 3417 5025 3412 5020 3412 5015 3412 5009 3412 4851 3428 4815 3397 4810 3397 4810 3392 4805 3392 4800 3392 4795 3392 4769 3397 4646 3417 4595 3387 4590 3387 4585 3387 4580 3387 4569 3387 4401 3397 4349 3376 4314 3356 4308 3356 4303 3356 4053 3356 4053 3361"/></Shape>
	    <String CONTENT="de Marquel qu&#39;on y observe n&#39;est pas compris dans"
                    HPOS="4042"
                    VPOS="3356"
                    WIDTH="2482"
                    HEIGHT="271"></String>
          </TextLine>

          
          
          <TextLine ID="eSc_line_308f1792"
                    TAGREFS="LT637"
                    BASELINE="4027 3632 4743 3643 6540 3750" 
                    HPOS="4027"
                    VPOS="3499"
                    WIDTH="2513"
                    HEIGHT="302">
            <Shape><Polygon POINTS="4027 3632 4027 3653 4216 3653 4232 3663 4257 3683 4257 3689 4262 3689 4267 3689 4273 3689 4493 3678 4580 3673 4595 3683 4641 3724 4646 3724 4651 3724 4656 3724 4661 3724 4784 3694 4820 3730 4820 3735 4825 3735 4830 3735 4835 3735 4841 3735 4902 3714 4989 3740 4994 3740 4999 3740 5004 3740 5071 3709 5096 3699 5122 3714 5189 3755 5194 3755 5199 3755 5204 3755 5337 3724 5342 3724 5378 3760 5378 3765 5383 3765 5388 3765 5506 3770 5511 3770 5516 3770 5613 3740 5654 3730 5685 3745 5767 3786 5772 3786 5777 3786 5900 3755 5956 3745 5987 3760 6048 3801 6053 3801 6059 3801 6064 3801 6069 3801 6125 3770 6156 3755 6529 3791 6540 3750 6540 3663 6453 3637 6447 3637 6442 3637 6437 3637 6360 3658 6355 3658 6350 3658 6253 3612 6248 3612 6243 3612 5741 3622 5736 3622 5593 3576 5588 3576 5583 3576 5578 3576 5496 3612 5491 3612 5383 3566 5378 3566 5373 3566 5368 3566 5276 3597 5199 3597 4928 3586 4917 3581 4810 3545 4805 3545 4800 3545 4672 3566 4544 3520 4539 3520 4534 3520 4380 3550 4339 3515 4339 3510 4334 3510 4329 3510 4324 3510 4206 3530 4165 3499 4160 3499 4155 3499 4150 3499 4145 3499 4032 3530 4027 3632"/></Shape>
	    <String CONTENT="Le dit Etat quoy qu&#39;on soit sure qu&#39;il y demeure"
                    HPOS="4027"
                    VPOS="3499"
                    WIDTH="2513"
                    HEIGHT="302"></String>
          </TextLine>

          
          
          <TextLine ID="eSc_line_03de48fd"
                    TAGREFS="LT637"
                    BASELINE="4032 3806 6482 3890" 
                    HPOS="4022"
                    VPOS="3699"
                    WIDTH="2456"
                    HEIGHT="251">
            <Shape><Polygon POINTS="4027 3801 4022 3822 4165 3873 4170 3873 4175 3873 4180 3873 4303 3832 4308 3832 4319 3832 4431 3873 4436 3873 4441 3873 4615 3847 4641 3847 4651 3852 4738 3893 4743 3893 4748 3893 4958 3868 5009 3863 5076 3873 5250 3909 5255 3909 5363 3888 5455 3873 5731 3909 5905 3929 5910 3929 5915 3929 5936 3919 5982 3898 6043 3924 6084 3939 6089 3939 6094 3939 6186 3934 6320 3919 6345 3939 6350 3944 6350 3950 6355 3950 6360 3950 6366 3950 6473 3944 6478 3888 6473 3817 6033 3806 6013 3791 5972 3765 5966 3765 5961 3765 5956 3765 5813 3781 5736 3791 5685 3776 5578 3740 5572 3740 5567 3740 5562 3740 5475 3765 5424 3781 5214 3776 5178 3750 5137 3724 5132 3724 5127 3724 5122 3724 4989 3745 4866 3760 4841 3735 4820 3719 4820 3714 4815 3714 4810 3714 4805 3714 4800 3714 4738 3730 4677 3745 4585 3724 4498 3704 4493 3704 4431 3714 4329 3740 4288 3709 4278 3699 4273 3699 4267 3699 4027 3699 4027 3801"/></Shape>
	    <String CONTENT="ce qui fait conjecturer que Laveau nacuse pas —"
                    HPOS="4022"
                    VPOS="3699"
                    WIDTH="2456"
                    HEIGHT="251"></String>
          </TextLine>

          
          
          <TextLine ID="eSc_line_c9b509bc"
                    TAGREFS="LT637"
                    BASELINE="4037 3960 5398 3996" 
                    HPOS="4037"
                    VPOS="3847"
                    WIDTH="1361"
                    HEIGHT="190">
            <Shape><Polygon POINTS="4037 3960 4037 4016 4160 3980 4452 4016 4621 4037 4626 4037 4631 4037 4697 4016 4764 3996 4907 4016 5035 4031 5040 4031 5393 4011 5398 3996 5398 3904 4912 3868 4907 3868 4805 3888 4789 3893 4784 3888 4759 3868 4759 3863 4754 3863 4748 3863 4743 3863 4738 3863 4677 3888 4661 3893 4288 3888 4283 3878 4242 3847 4237 3847 4232 3847 4227 3847 4037 3873 4037 3960"/></Shape>
	    <String CONTENT="juste dans ses declarations"
                    HPOS="4037"
                    VPOS="3847"
                    WIDTH="1361"
                    HEIGHT="190"></String>
          </TextLine>

          
          
          <TextLine ID="eSc_line_30036796"
                    TAGREFS="LT637"
                    BASELINE="4063 4139 5301 4149 6494 4185" 
                    HPOS="4063"
                    VPOS="4001"
                    WIDTH="2431"
                    HEIGHT="245">
            <Shape><Polygon POINTS="4063 4139 4063 4205 4175 4159 4457 4159 4498 4205 4503 4205 4503 4211 4508 4211 4513 4211 4580 4216 4585 4216 4641 4205 4835 4164 5291 4170 5347 4205 5388 4231 5393 4231 5398 4231 5404 4236 5629 4236 5629 4231 5634 4231 5639 4231 5680 4200 5700 4190 5746 4200 5828 4226 5833 4226 5839 4231 6105 4231 6105 4226 6110 4226 6115 4226 6115 4221 6135 4200 6140 4200 6151 4200 6391 4246 6396 4246 6401 4246 6488 4200 6494 4185 6494 4088 6437 4052 6432 4052 6427 4052 6422 4052 6417 4052 6320 4093 6222 4052 6217 4052 6212 4052 6207 4052 6130 4088 5920 4088 5869 4052 5864 4052 5859 4052 5854 4052 5849 4052 5726 4083 5721 4083 5649 4026 5644 4026 5639 4026 5634 4026 5629 4026 5552 4052 5470 4026 5465 4026 5460 4026 5455 4026 5347 4067 5050 4016 5045 4016 5040 4016 5035 4016 4963 4067 4871 4016 4866 4016 4861 4016 4856 4016 4851 4016 4795 4062 4795 4067 4585 4067 4569 4057 4441 4006 4436 4006 4431 4006 4426 4006 4319 4042 4262 4001 4257 4001 4252 4001 4134 4001 4129 4001 4124 4001 4119 4001 4063 4037 4063 4139"/></Shape>
	    <String CONTENT="S&#39;il etoit possible d&#39;avoir Le signalement du dit"
                    HPOS="4063"
                    VPOS="4001"
                    WIDTH="2431"
                    HEIGHT="245"></String>
          </TextLine>

          
          
          <TextLine ID="eSc_line_81b17aca"
                    TAGREFS="LT637"
                    BASELINE="4063 4298 4795 4292 6524 4349" 
                    HPOS="4063"
                    VPOS="4164"
                    WIDTH="2461"
                    HEIGHT="251">
            <Shape><Polygon POINTS="4063 4298 4068 4354 4124 4318 4334 4318 4457 4349 4462 4349 4467 4349 4472 4349 4559 4328 4610 4369 4615 4369 4621 4369 4626 4369 4631 4369 4636 4369 4754 4333 4887 4374 4892 4374 4897 4374 4902 4374 4907 4374 4974 4333 5332 4384 5368 4390 5373 4390 5378 4390 5383 4390 5434 4354 5531 4390 5537 4390 5542 4390 5746 4354 5839 4400 5844 4400 5849 4400 5854 4400 5864 4400 6028 4364 6130 4390 6135 4390 6140 4390 6314 4369 6514 4415 6524 4349 6524 4251 6340 4221 6335 4221 6330 4221 6284 4246 6258 4257 6192 4241 6125 4231 6120 4231 5665 4236 5383 4236 5347 4231 5183 4190 5178 4190 5040 4221 4999 4195 4994 4195 4989 4195 4984 4195 4677 4216 4411 4170 4406 4170 4401 4170 4288 4205 4227 4164 4221 4164 4216 4164 4109 4164 4104 4164 4099 4164 4093 4164 4063 4185 4063 4298"/></Shape>
	    <String CONTENT="sieur Barangis peutêtre pouroit-on parvenir a le"
                    HPOS="4063"
                    VPOS="4164"
                    WIDTH="2461"
                    HEIGHT="251"></String>
          </TextLine>

          
          
          <TextLine ID="eSc_line_e22e6681"
                    TAGREFS="LT637"
                    BASELINE="4053 4436 5546 4461" 
                    HPOS="4042"
                    VPOS="4338"
                    WIDTH="1500"
                    HEIGHT="205">
            <Shape><Polygon POINTS="4047 4431 4042 4471 4360 4497 4365 4497 4482 4482 4564 4471 4646 4487 4943 4538 4948 4538 5158 4497 5230 4543 5235 4543 5240 4543 5245 4543 5537 4497 5542 4456 5531 4374 4969 4379 4805 4354 4759 4349 4754 4349 4748 4349 4733 4354 4661 4374 4534 4349 4503 4344 4498 4344 4493 4344 4488 4344 4488 4349 4452 4369 4406 4344 4401 4344 4395 4344 4390 4344 4365 4344 4175 4364 4047 4338 4047 4431"/></Shape>
	    <String CONTENT="decouvrir ce 31 janvier 1744"
                    HPOS="4042"
                    VPOS="4338"
                    WIDTH="1500"
                    HEIGHT="205"></String>
          </TextLine>

          
          
          <TextLine ID="eSc_line_6240de41"
                    TAGREFS="LT638"
                    BASELINE="5619 4504 6123 4481" 
                    HPOS="5608"
                    VPOS="4328"
                    WIDTH="517"
                    HEIGHT="312">
            <Shape><Polygon POINTS="6018 4328 5992 4328 5874 4374 5818 4328 5813 4328 5808 4328 5803 4328 5798 4328 5608 4384 5618 4502 5624 4640 6125 4640 6120 4477 6110 4359 6069 4333 6018 4328"/></Shape>
	    <String CONTENT="Poussot"
                    HPOS="5608"
                    VPOS="4328"
                    WIDTH="517"
                    HEIGHT="312"></String>
          </TextLine>

          
        </TextBlock>
        
        <TextBlock HPOS="6370"
                   VPOS="1419"
                   WIDTH="147"
                   HEIGHT="93"
                   ID="eSc_textblock_8ff267b7"
                   TAGREFS="BT1663">
          <Shape><Polygon POINTS="6370 1419 6378 1512 6517 1512 6517 1419"/></Shape>
          
        </TextBlock>
        
        <TextBlock HPOS="5152"
                   VPOS="1488"
                   WIDTH="216"
                   HEIGHT="224"
                   ID="eSc_textblock_01e1e095"
                   TAGREFS="BT1666">
          <Shape><Polygon POINTS="5152 1488 5152 1712 5368 1712 5368 1488"/></Shape>
          
        </TextBlock>
        

        
      </PrintSpace>
    </Page>
  </Layout>
</alto>
