7748 6128
1491 1278 2211 248 Le 15ᵉ Mʳ. Marquel a diné chez

1501 1532 2166 183 osman d'ou jl a sorti a Cinq heures,

1532 1690 2119 189 jl a retourné chez Luy et a passé

1491 1894 2314 158 La soirée a joüer avec un jeune homme

1491 2022 2283 209 qui demeure aussi a l'holet de la Guette

6021 1511 92 97 57

4116 1470 695 148 le 17 fevrier

4116 1608 1885 189 Monsieur Markel dinâ chez

4126 1756 2033 179 osman, a Cinq heures jl fut à la

4137 1889 1828 148 foire avec plusieurs Etrangers.

4131 2006 332 133 le 18

4121 2098 2023 220 le dit Sieur fut a deux heures apres

4116 2236 2002 225 midi ruë des petits Champs à l'hôtel

4091 2374 1930 194 des Dames de france, la mouche

4101 2502 2027 199 desesperant de le voir sortir a cause

4091 2629 1981 184 de la grande quantité de monde

4091 2767 1997 184 qu'avoit attiré l'incendie arrivé à

4080 2890 2018 158 huit heures du soir dans le dit hôtel

4075 3007 1538 159 se retirâ a neuf heures

4075 3135 276 174 le 19

4085 3273 2013 194 la ditte mouche apres avoir passé

4085 3406 2054 189 une partie de la journée devant la

4060 3528 2058 215 porte du dit sieur Markel apprit

4060 3661 1925 169 a six heures du soir qu'il avoit

4055 3773 1987 199 perit la veille dans l'incendie dont

4080 3891 1129 245 est ci dessus parlé.
