7676 6116
1600 1442 2268 188 Mʳ. Lambassadeur d'hollande et mʳ. Thompson

1600 1585 2217 193 et meme ces messieurs vont quelque fois chez luy

1605 1712 2225 148 car cest vn de leur rendés vous, ce Dit haine

1590 1794 2232 188 est hollandois, et etoit autrefois Jntendant

1595 1931 2186 153 de Millord Walgrave on Crois que cet homme

1574 2043 2233 128 est Espion de ces messieurs, on la surpris bien

1559 2135 2253 214 des fois qui rendoit compte a mʳ. Thompson

1585 2262 1580 250 de bien des affaires prefentes

6386 1304 148 102 122

4429 1365 2171 220 Le 10 mars Mʳ. Thomspson n'a pas sorti

4413 1549 2202 204 Le 11 Mʳ. Thomspson a été chez Dom Louis

4449 1712 1244 168 Ambassadeur de Portugal

4444 1865 2125 158 Le 12 Le dit sieur thomspson a été dans

4459 2002 2136 199 La Matinée chez Le sieur de Potrincour

4480 2140 2232 224 rüe Sᵗ. honnoré vis avis le portail de l'Eglise

4470 2278 2115 224 Sᵗ. Rhoc, Chez L'ambassadeur d'Espagne

4490 2436 2161 219 rüe neuve des Augustins a lhôtel de Conty

4495 2594 2161 193 ou jl n'a point entré mais seulement à

4480 2731 2146 199 un des ses domestique et chez L'ambassadeur

4459 2874 2182 245 de Prusse rüe du Bac, Lapres midi jl n'a

4454 3058 474 214 pas sorti
