7748 6128
6460 1394 67 143 35

4193 1552 2334 184 Le 30 janvier Les Sʳˢ. deMines et Bergmann

4208 1690 2355 194 dinerent a lhôtel d'Espagne et furent l'apres

4183 1838 1149 189 Midi à La Salpetriere

4188 2001 2267 199 Le 31 Mʳˢ. demines et Bregmann dinerent

4198 2134 2344 215 a l'holet d'espagne et furent apres leurs diné

4208 2282 2319 199 au Caffé, a quatre heures le Sieur de Mines

4228 2425 2350 230 sorti du dit Caffé et fut a celuy de Baptiste

4223 2558 2355 230 rüe de la Comédie jl ne demeura qu'un instant

4218 2701 2304 214 et s'en alla rüe des Boucheries faubourg Sᵗ.

4234 2849 2344 215 Germain chez Moret taiteur d'ou jl ne sorti

4203 2982 2308 204 qu'a huit heures du soir le dit jour ces mʳˢ.

4213 3130 2334 184 recurent a midi La visite de Mʳ. L'ambassadeur

4198 3252 495 205 de suede

4213 3421 2355 194 Le premier fevrier Mʳˢ. demines et Bergmann

4203 3574 2303 210 dinerent a lhôtel d'Espagne et passer la pres

4198 3717 2135 204 midi au Caffe dela a Loperat Comique
