7760 6116
1162 1427 2361 273 Souvent, et le Banquier de sa ruë Sᵗ. Sauveur luy

1213 1579 2289 183 en envoye tout les Lundy, et ces Lettres viennent du

1198 1681 1891 158 quartier des Troupes de La Reyne d'hongrie

1106 1778 2396 241 Depuis quatre jours Monsieur LAmbassadeur

1116 1921 2585 194 d'hollande va tout les jours chez mʳ. Thompson et il

1142 2038 2345 214 y a des jours qu'il y a eté deux fois par jours

1136 2130 2483 202 ils ont de tres longues conferances en semble, Mʳ.

1136 2232 2585 219 Gundel sy trouve toutes lis fois que mʳ. ⟦Gundel⟧ L'ambassadeur

1152 2344 306 148 y est

1142 2451 2523 194 Aujourdhuy dimanche, 23ᵉ. dupresent Jay trouvé mʳ. Craume

1157 2578 2503 207 au preche chez mʳ. Lambassadeur d'hollande, et au sortir

1152 2685 2508 169 du presche mʳ. fesche La fait monté dans son carosse auec luy

1136 2777 2310 204 Je lay fait observer, et il y a presentement vn homme

1131 2894 582 194 qui le suit

6067 1619 102 139 75

4022 1794 933 214 Le 22 fevrier 1744.

4012 1967 2147 224 Le Capitaine Vincent fut a midi chez

4007 2120 2044 209 Mʳ de Lomaria et y restâ jusqu'a

4002 2252 1203 179 huit heures du soir.

4012 2400 275 153 le 23

3997 2497 2192 214 le dit Capitaine fut a neuf heures du

3992 2629 2136 194 matin chez M de Lomaria il en sorti

3976 2757 2070 173 a deux heures et fut chez monsieur

3976 2889 2218 245 Thomspson ou il restâ jusqu'a dix heures

3971 3073 520 142 du soir

3971 3165 1627 265 le 24 on ne la pas vû sortir
