7724 6140
1597 1412 2185 220 Le Prince charles, et mʳ. Le Prince charles

1612 1555 2114 210 luy envoy des Lettres par ses gens, demême

1602 1657 2165 225 que mᵈᵉ. La Princesse d'Epinois, et cest presque

1617 1780 2109 210 tout les Jours, on ne peut plus rien connoitre

1627 1872 2078 246 aux alleurs de Mʳ. Gundel, personne ne vient

1622 1990 1879 240 chez luy, mais luy coure toutes les nuits

1643 2092 2047 230 en fiacre et rentre ordinairement a deux ou

1643 2200 1991 225 trois heures du matin il va toujours seul

1653 2302 1674 235 et n'enmenne pas vn de ses gens,

1632 2415 2027 220 voila trois Jours desuitte qu'un Etranger qu'on

1643 2537 1904 200 dit hongrois vâ chez mʳ. fesche il y va

1648 2619 2022 210 ordinairement le soir a la Brune, et il est

1653 2722 1919 204 seul il y reste une Bonne heure et il

1643 2809 2129 209 senva dans dautres maison on ne sçait point

1658 2936 2093 251 sa demeure, mais je crois quil loge dans

1663 3075 834 179 la rue Bourlabé ;

6439 1550 102 184 27

4642 1524 1101 241 Du Jeudy 23ᵉ. Janvier

4371 2000 2129 189 hier 22 du present Mʳ. de Bussi cy devant en

4350 2133 2109 205 Angleterre, fut lapremidy chez mʳ. Thompson

4355 2256 2109 210 ou il est resté vne demie heure ; et aujourd'huy

4350 2369 2140 194 23 mʳ. Thompson a eté chez luy le matin ou il

4340 2491 2129 200 est resté vne Bonne heure, et au sortir de chez

4345 2604 2048 199 mʳ. de Bussy il a eté chez mʳ. Gundel, et

4340 2716 2201 200 a quatre heures du Soir mʳ. fesche est venu

4325 2824 1070 179 chez mʳ. Thompson

4314 2972 2176 261 L'Etranger qui logeoit ruë Bourlabbé est delogé

4325 3116 2098 220 de cette ruë, et il est presentement logé ruë

4284 3218 2078 256 d'auphine faubourg Sᵗ. Germain a lhôtel

4299 3371 1966 215 Jmperiale chez mʳ. Lafond tailleur, il

4304 3499 2191 220 demeure au second, il est hongrois et on le dit

4299 3622 2217 235 officier des troupes de sa Reyne d'hongrie

4304 3760 2186 236 il a auec luy vn domestique qui est allemand

4299 3863 2201 281 mʳ. fesche va fort souvent chez luy, je ne

4294 3985 2155 292 scay point son nom, mais le taillieur le dira

4289 4129 1551 215 sy il est question de le sçavoir

4274 4298 2221 317 Jl y a vn autre Etranger logé ruë du Boulois

4299 4466 2129 282 a Lhotel notre Dame, le quel Etranger
