7712 6140
1489 1141 1039 163 rendu compte : 1744.

1658 1207 2215 215 Le 19 juin Monsieur L'ambasadeur dhollan[]

1632 1391 2149 205 a été chez Mʳ. Logeois, chez Madame de

1586 1570 2052 190 Lorme et chez Lambassadeur d'Espagne

1576 1749 2180 231 Le 20 jl na pas sorti, jl a donné a diné a

1586 1934 2293 194 plusieurs personne desquelles etoient Madame

1581 2097 1218 185 Delorme et Mʳ. Logeois

1571 2225 2103 225 Le 21ᵉ Le dit sieur a été chez Mʳ. Le

1581 2399 1136 174 Cardinal de tencin

1601 2573 1346 143 Le 22 et Le 23. a marne

1586 2727 2006 209 Le 24 chez Lambassadeur de portugal

1581 2906 2190 266 Le 25 a bercy chez le Controleur General,

1586 3075 2287 271 chez Mʳ. de Marville, chez Mʳ. Le Cardinal

1601 3254 2262 313 de Tencin, chez Mʳ. Le Comte de Sᵗ. florentin,

1581 3469 2211 220 chez Mʳ. Labbé de la fare, chez Mʳ. de

1581 3648 2241 215 Serreton, chez Madame de bouville, chez

1581 3822 2205 194 de Ronivac, a lhotel de Toulouse, chez Mʳ.

1565 3960 2073 210 de Romieux et chez Mʳ. Sevêre vielle rue

1647 4108 466 169 du temple

6186 1125 123 118 314

3966 1146 424 122 M duual

3971 1233 409 143 Loteur des

3966 1335 445 118 vers et le

3966 1417 455 128 Sʳ. Le maire

3940 1504 532 194 Mathematisien

4436 1192 1930 225 Ah. quel'honneur pour vous Menin

4421 1340 1781 225 d'avoir montré Le droit Chemin,

4431 1494 1817 225 de la Gloire ⟦anotre⟧ anostre Monarque

4406 1632 1750 235 sans de caron, secoure de barque

4426 1811 1382 179 Et qui auroit pü resister

4411 1949 1581 194 aux attraits de nostre Gerrier

4406 2072 1540 225 qui vient offrir son pucelage

4395 2184 1771 256 dans La force, et fleur de son age

4395 2369 1694 214 jl est volage, et peu Constant,

4385 2491 1807 251 N'ecouté point tous ses sermens,

4390 2645 1704 256 jl prend aujourdhuy vne ville

4380 2809 1760 199 demain jl en soumestra mille

4385 2988 1556 250 son appetit deviens friand

4416 3156 1663 226 jl veut porter ses pas ver gand,

4370 3305 1832 210 dans Le Champ de mars en Bataille

4375 3474 1648 184 Là combatre cette Canaille

4431 3730 1940 138 Le gouverneur de menin a eu tous Les

4417 3873 2041 174 ⟦hommes⟧ honneurs de la Guerre pour avoir

4447 4011 2021 210 Ecrit a Mʳ. Le Marechal de Noailles que

4017 3760 399 215 C'est plusieurs

3981 3955 414 128 officiers ⟦aux⟧

4006 4083 405 112 Luxembourg

3991 4185 1070 184 qui onts debitté cette nouvel
