7760 6128
6610 1353 82 117 22

4066 1414 460 107 M Duual

4071 1465 393 149 rendu compte

4536 1383 2207 251 17 janvier Le s^r de Marquel dinâ et

4311 1562 2401 255 soupâ chez Osman, dans L'apres midi jl

4316 1720 2452 271 fut au Luxembourg et au Caffé Baptiste

4306 1874 2478 275 Le 18 Le dit sieur dinâ chez Osman apres le

4332 2103 2370 230 diné jl fut au Caffé Baptiste et au —

4301 2267 2488 225 Luxembourg qu'il touvâ fermé jl retournâ

4311 2456 2376 204 chez Osman joignit Le Baron Diner et

4306 2619 2473 210 passà La soirée avec luy et avec plusieurs

4316 2772 2309 230 autres Etrangers avec Lesquels jl soupâ

4306 2956 2401 220 Le 19 jl na pas sorti et a recû plusieurs —

4347 3130 1032 209 Etrangers chez Luy

4408 3298 2376 235 on-appris que L'endroit ou jl fut en chaise

4403 3457 2345 219 a porteur rüe Bourbon faubourg S^t Germain

4398 3605 2350 270 Le quinze de ce mois et ou jl passâ trois

4403 3794 2386 230 heures et demie C'est chez M^r Le Marechal

4408 3993 659 209 de Belleylle

4393 4105 2396 230 Le 20. Le dit s^r dinâ chez Osmane et a trois

4388 4243 2355 235 heures et demis jl a sorti avec trois Etrangers

4398 4401 2324 230 et a eté a la Comédie jtalienne ou on l'a

4398 4570 286 205 perdu
