7676 6116
6539 1503 132 117 112

4760 1488 754 132 Du 7ᵉ. Mars

4281 1625 2380 169 Comme Mʳ. Thompson ne fut pas mardy dernier a Versailles mʳ.

4291 1727 2401 163 de Stainville et mʳ. fesche vinrent a leur retour luy rendre Compte

4301 1829 2386 148 de ce qui s'etoit passé, et mʳ. Gundel qui etoit aussi resté icy Le

4286 1916 2411 158 touva chez mʳ. Thompson a leur retour de Versailles ; a huit heures

4230 1997 2406 163 du soir apres que ces Messieurs furent Sortis de Chez mʳ. Thompson

4296 2074 2391 158 led. Sʳ. Thompson depecha vn de ses domestique a versailles et le

4210 2166 1789 147 domestique ne revint que le landemain au soir

4255 2242 2421 163 Mercredy et Jeudy jusqu'a midy Mʳ. Lambassadeur dhollande et mʳ.

4240 2344 2411 153 Thompson ont toujours travaillés enSemble sans dictionnaires, et le

4240 2441 2467 153 Jeudy a vne heure apres midy mʳ Lambassadeur d'hollande a depeché

4240 2527 2431 138 un courier pour la haye, et mʳ. Thompson a chargé led. Courier de ses depeches

4235 2604 2278 158 pour la haye et pour Langleterre  ; attendu que depuis quelques

4210 2680 2400 169 Jours auparavant il ne receuoit aucunnes nouvelles de la Cour de Londres

4220 2767 2375 178 Mʳ. Lambassadeur dhollande avoit receu vn Courier de ses Etats

4174 2854 2426 183 dimanche dernier et le même Jour il en vint faire part a mʳ.

4245 2940 484 123 thompson,

4220 2991 2467 209 toute La Semaine Mʳ. Gundel a travaillé auec mʳ. Thompson, et a eté aussi

4230 3108 2401 174 plusieurs fois chez Lambassadeur d'hollande il a diné et soupé tout les

4210 3195 2207 163 jours chez mʳ. Thompson ainsy que mʳ. fesche qui ne fait que

4199 3272 1478 127 voltiger et courir chez tout ces messieurs

4215 3358 2349 204 hier Jeudy Mʳ. fesche a donné a diné a Mʳ. Thompson a mʳ.

4215 3475 2395 189 Gundel et a mʳ. de Baimer qui est icy envoyé d'un Prince

4210 3608 525 92 d'allemagne

4215 3674 2400 230 Mʳ. LEnvoyé de Portugal est venu tout les Jours de cette semaine

4240 3802 2161 173 chez mʳ. Thompson, et Voila trois assemblées de suitte que

4230 3924 2345 173 Mʳ. Tompson n'a pas eté chez Dom Louis Ambassadeur de

4235 4026 2365 183 Portugal chez lequel tout les ministres Etrangers sassemble

4261 4128 2105 244 deux fois le semaine, le dimanche et le mercredy
