7712 6140
6407 1412 76 133 10

4242 1473 558 169 Monsieur

4124 1714 2446 240 j'ay lhonneur de vous rendre Compte que Suivant

4093 1913 2523 220 vos ordres je me suis informés du Sieur de barangis

4078 2087 2472 205 qui Suivant la nôte qui m'a été remise doit

4078 2241 2267 204 demeurer a lhôtel de la Guette rüe du four

4063 2384 2313 245 faubourg Sᵗ. Germain, jl ne paroît pas qu'il

4058 2532 2451 282 Loge au dit hôtel Le Sʳ. joinville qui a fait

4053 2696 2502 261 un relevé des Logeants qui y sont actuellement

4053 2839 2487 328 n'en pale point ainsy qu'on Le vera par son Etat

4063 3044 2277 266 ci joint on ne peut cependant pas dire

4042 3192 2416 282 positivement qu'il ni soit pas puisque le Sieur

4042 3356 2482 271 de Marquel qu'on y observe n'est pas Compris dans

4027 3499 2513 302 Le dit Etat quoy qu'on soit sure qu'il y demeure

4022 3694 2395 250 Ce qui fait Conjecturer que Laveau nacuse? pas

4037 3847 1361 190 juste dans ses declarations

4063 4001 2431 245 S'il etoit possible d'avoir Le Signalement du dit

4063 4164 2461 251 Sieur Barangis peutêtre pouroit-on parvenir a le

4042 4338 1500 205 decouvrir ce 31 janvier 1744

5618 1432 497 149 M Duual

5557 1550 537 133 rendu compte

5665 4328 455 215 Poussot
