7724 6140
6249 1355 113 113 12

4258 1426 2288 277 Le 28 Xbre Monsieur de Marquet fut

4243 1611 2155 225 a deux heures apres midi diner chez

4248 1744 2191 231 Osman, jl en sorti a quatres heures

4258 1898 2293 240 avec trois messieurs avec lesquels jl fut

4263 2026 2089 261 souper chez le S Anroux maître de

4268 2200 2155 271 pension rue D'anjou pres le pont neuf,

4274 2348 2317 241 jls y etoient encore a onze heures du

4263 2491 1991 236 soir que la mouche s'est retirée.

4268 2624 2283 272 le 29 le dit sieur fut a une heure apres

4279 2763 2293 281 midi au Caffé Baptiste et y demeura jus¬

4284 2901 2283 281 qu'a trois, sortant du dit Caffé jl entra

4268 3059 2278 256 chez osman et a six heures en sorti

4284 3208 2252 281 avec un Mʳ on les a suivi jusqu'a

4279 3341 2160 291 la Croix rouge ou un ambarras de

4299 3566 1444 240 voiture les fit perdre.

4304 3683 2242 292 aujourdhuy jl a diné Chez Osman,

4330 3863 2093 318 apres son diné il a été chez un

4284 3990 2283 282 Chapelier rue d'Auphine et immediatement

4314 4205 1439 251 apres a rentré cher luy

5548 4374 778 261 le .30 Xbre 1743
