<?xml version="1.0" encoding="UTF-8"?>
<alto xmlns:xsi="http://www.w3.org/2001/XMLSchema-instance"
      xmlns="http://www.loc.gov/standards/alto/ns-v4#"
      xsi:schemaLocation="http://www.loc.gov/standards/alto/ns-v4# http://www.loc.gov/standards/alto/v4/alto-4-2.xsd">
  <Description>
    <MeasurementUnit>pixel</MeasurementUnit>
    <sourceImageInformation>
      <fileName>btv1b107242563_f326.jpg</fileName>
      
    </sourceImageInformation>
  </Description>
  
  <Tags>
    <OtherTag ID="BT1659" LABEL="DamageZone" DESCRIPTION="block type DamageZone"/><OtherTag ID="BT1660" LABEL="DigitizationArtefactZone" DESCRIPTION="block type DigitizationArtefactZone"/><OtherTag ID="BT1661" LABEL="MainZone" DESCRIPTION="block type MainZone"/><OtherTag ID="BT1662" LABEL="MarginTextZone" DESCRIPTION="block type MarginTextZone"/><OtherTag ID="BT1663" LABEL="NumberingZone" DESCRIPTION="block type NumberingZone"/><OtherTag ID="BT1664" LABEL="QuireMarksZone" DESCRIPTION="block type QuireMarksZone"/><OtherTag ID="BT1665" LABEL="RunningTitleZone" DESCRIPTION="block type RunningTitleZone"/><OtherTag ID="BT1666" LABEL="StampZone" DESCRIPTION="block type StampZone"/><OtherTag ID="BT1667" LABEL="TableZone" DESCRIPTION="block type TableZone"/><OtherTag ID="BT1668" LABEL="TitlePageZone" DESCRIPTION="block type TitlePageZone"/>
    <OtherTag ID="LT637" LABEL="DefaultLine" DESCRIPTION="line type DefaultLine"/><OtherTag ID="LT638" LABEL="HeadingLine" DESCRIPTION="line type HeadingLine"/><OtherTag ID="LT639" LABEL="InterlinearLine" DESCRIPTION="line type InterlinearLine"/>
  </Tags>
  
  <Layout>
    <Page WIDTH="7700"
          HEIGHT="6140"
          PHYSICAL_IMG_NR="20"
          ID="eSc_dummypage_">
      <PrintSpace HPOS="0"
                  VPOS="0"
                  WIDTH="7700"
                  HEIGHT="6140">
        
        <TextBlock HPOS="1729"
                   VPOS="1344"
                   WIDTH="2185"
                   HEIGHT="1273"
                   ID="eSc_textblock_c85abceb"
                   TAGREFS="BT1661">
          <Shape><Polygon POINTS="1755 1344 1729 2617 3877 2552 3914 1346"/></Shape>
          
          
          <TextLine ID="eSc_line_2e901816"
                    TAGREFS="LT637"
                    BASELINE="1817 1478 3343 1463 3739 1441" 
                    HPOS="1807"
                    VPOS="1314"
                    WIDTH="1930"
                    HEIGHT="221">
            <Shape><Polygon POINTS="1812 1473 1812 1494 2252 1535 2257 1535 2262 1535 2401 1499 2575 1524 2580 1524 2585 1524 2590 1524 2641 1494 2851 1494 3010 1529 3015 1529 3020 1529 3112 1499 3297 1524 3302 1524 3307 1524 3312 1524 3373 1483 3737 1473 3737 1437 3722 1325 2867 1350 2831 1330 2815 1314 2810 1314 2805 1314 2800 1314 2201 1320 2196 1320 2145 1335 2052 1361 1807 1340 1812 1473"/></Shape>
	    <String CONTENT="dud. Ambassadeur d&#39;hollande principalement"
                    HPOS="1807"
                    VPOS="1314"
                    WIDTH="1930"
                    HEIGHT="221"></String>
          </TextLine>

          
          
          <TextLine ID="eSc_line_90cff1e7"
                    TAGREFS="LT637"
                    BASELINE="1802 1621 3425 1586" 
                    HPOS="1797"
                    VPOS="1468"
                    WIDTH="1628"
                    HEIGHT="215">
            <Shape><Polygon POINTS="3327 1468 3322 1468 3317 1468 3261 1509 2948 1514 2902 1483 2897 1483 2892 1483 2887 1483 2882 1483 2877 1483 2841 1509 2744 1478 2739 1478 2733 1478 2728 1478 2605 1519 2508 1494 2503 1494 2498 1494 2493 1494 2488 1494 2488 1499 2483 1499 2462 1524 2339 1494 2334 1494 2329 1494 2324 1494 2262 1524 2201 1494 2196 1494 2191 1494 2186 1494 2124 1524 2032 1494 2027 1494 2022 1494 2017 1494 1935 1519 1884 1499 1878 1499 1873 1499 1868 1499 1797 1534 1802 1621 1802 1657 1848 1683 1853 1683 1858 1683 2006 1647 2037 1642 2063 1647 2201 1673 2206 1673 2846 1637 2918 1662 2923 1662 2928 1662 2933 1662 3066 1621 3425 1611 3425 1586 3419 1509 3338 1468 3332 1468 3327 1468"/></Shape>
	    <String CONTENT="les dimanches au sortir du prèsche"
                    HPOS="1797"
                    VPOS="1468"
                    WIDTH="1628"
                    HEIGHT="215"></String>
          </TextLine>

          
          
          <TextLine ID="eSc_line_39082cc6"
                    TAGREFS="LT637"
                    BASELINE="1776 1780 3814 1744" 
                    HPOS="1771"
                    VPOS="1621"
                    WIDTH="2043"
                    HEIGHT="210">
            <Shape><Polygon POINTS="1776 1780 1776 1831 2068 1801 2621 1806 3102 1811 3107 1811 3225 1785 3266 1780 3291 1785 3404 1806 3409 1806 3814 1765 3814 1744 3809 1652 3737 1621 3732 1621 3727 1621 3722 1621 3716 1621 3681 1657 3665 1668 3619 1657 3578 1647 3573 1647 3568 1647 3460 1662 3373 1673 3358 1662 3297 1627 3291 1627 3286 1627 3281 1627 3276 1627 3271 1627 3225 1668 3210 1683 2867 1683 2851 1678 2769 1642 2764 1642 2759 1642 2754 1642 2672 1683 2662 1688 2508 1688 2498 1688 2360 1642 2355 1642 2349 1642 2344 1642 2262 1688 2232 1657 2232 1652 2227 1652 2221 1652 2063 1647 2058 1647 1884 1652 1878 1652 1771 1698 1776 1780"/></Shape>
	    <String CONTENT="jl setient toujours chez Prevost Epicier ruë"
                    HPOS="1771"
                    VPOS="1621"
                    WIDTH="2043"
                    HEIGHT="210"></String>
          </TextLine>

          
          
          <TextLine ID="eSc_line_03834d7d"
                    TAGREFS="LT637"
                    BASELINE="1756 1898 3793 1872" 
                    HPOS="1750"
                    VPOS="1760"
                    WIDTH="2043"
                    HEIGHT="232">
            <Shape><Polygon POINTS="1843 1780 1750 1811 1756 1898 1819 1992 3788 1898 3793 1872 3783 1760 3378 1760 3373 1760 3368 1760 3363 1760 3353 1770 3322 1790 3297 1770 3291 1765 3286 1765 3281 1765 3276 1765 3204 1775 3082 1795 3025 1780 2984 1770 2979 1770 2974 1770 2969 1770 2943 1785 2902 1806 2672 1806 2657 1790 2641 1775 2636 1775 2631 1775 2626 1775 2196 1806 2170 1806 2165 1806 2093 1780 2088 1780 2083 1780 2078 1780 2073 1780 2073 1785 2042 1811 2037 1811 1853 1780 1848 1780"/></Shape>
	    <String CONTENT="Ste Margueritte vne assemblée de toutes"
                    HPOS="1750"
                    VPOS="1760"
                    WIDTH="2043"
                    HEIGHT="232"></String>
          </TextLine>

          
          
          <TextLine ID="eSc_line_a4337b17"
                    TAGREFS="LT637"
                    BASELINE="1763 2013 3896 1985" 
                    HPOS="1756"
                    VPOS="1893"
                    WIDTH="2134"
                    HEIGHT="197">
            <Shape><Polygon POINTS="1776 2062 1786 2046 1894 2056 2104 2077 2109 2077 2114 2077 2119 2077 2160 2051 2175 2041 2257 2046 2462 2072 2467 2072 2472 2072 2554 2041 2590 2031 2632 2090 3138 2062 3143 2062 3148 2062 3215 2026 3220 2026 3230 2026 3327 2056 3332 2056 3338 2056 3885 2010 3890 1980 3880 1893 2600 1893 2595 1893 2472 1918 2457 1918 2431 1918 2140 1898 2134 1898 2129 1898 2124 1898 2088 1923 2083 1923 1868 1903 1863 1903 1858 1903 1756 1928 1761 2010"/></Shape>
	    <String CONTENT="sortes dEtrangers, Mʳ. fesche y vat tout les"
                    HPOS="1756"
                    VPOS="1893"
                    WIDTH="2134"
                    HEIGHT="197"></String>
          </TextLine>

          
          
          <TextLine ID="eSc_line_8659a84d"
                    TAGREFS="LT637"
                    BASELINE="1776 2164 3230 2149 3890 2113" 
                    HPOS="1771"
                    VPOS="2015"
                    WIDTH="2119"
                    HEIGHT="241">
            <Shape><Polygon POINTS="1781 2220 1873 2189 2006 2215 2047 2220 2052 2220 2058 2220 2063 2220 2063 2215 2068 2210 2104 2184 2232 2205 2268 2210 2273 2210 2339 2205 2474 2256 2564 2195 2611 2210 2616 2210 2621 2210 2805 2189 2954 2169 2989 2179 3035 2200 3041 2200 3046 2200 3338 2174 3706 2189 3711 2189 3716 2189 3722 2189 3762 2154 3768 2154 3890 2154 3890 2113 3880 2015 3768 2015 3762 2015 3757 2015 3752 2015 3706 2051 3547 2026 3476 2015 3471 2015 3466 2015 3414 2031 3353 2046 3302 2036 3235 2021 3230 2021 3138 2041 3051 2062 3030 2046 3005 2026 3000 2026 2995 2026 2989 2026 2984 2026 2933 2046 2892 2067 2856 2051 2805 2031 2800 2031 2795 2031 2790 2031 2728 2056 2703 2072 2334 2077 2257 2072 1848 2046 1843 2046 1837 2046 1832 2046 1771 2077 1776 2164"/></Shape>
	    <String CONTENT="jours, dememe que son secretaire mʳ. Crausse"
                    HPOS="1771"
                    VPOS="2015"
                    WIDTH="2119"
                    HEIGHT="241"></String>
          </TextLine>

          
          
          <TextLine ID="eSc_line_85ff47ed"
                    TAGREFS="LT637"
                    BASELINE="1766 2292 3839 2246" 
                    HPOS="1761"
                    VPOS="2143"
                    WIDTH="2078"
                    HEIGHT="210">
            <Shape><Polygon POINTS="2902 2154 2897 2154 2892 2154 2892 2159 2861 2189 2774 2189 2621 2195 2611 2195 2447 2164 2442 2164 2262 2200 1827 2179 1822 2179 1817 2179 1761 2205 1766 2292 1766 2353 1991 2312 2058 2333 2063 2333 2068 2333 2314 2307 2411 2328 2447 2338 2452 2338 2457 2338 2564 2322 2754 2297 2815 2312 2861 2328 2867 2328 2872 2328 2877 2328 2948 2307 2979 2302 3020 2307 3143 2322 3148 2322 3343 2317 3348 2317 3353 2317 3353 2312 3378 2292 3384 2282 3404 2292 3450 2307 3455 2307 3460 2307 3834 2271 3839 2246 3824 2169 3491 2174 3486 2174 3435 2143 3430 2143 3425 2143 3419 2143 3414 2143 3348 2179 3343 2179 3338 2179 3266 2154 3261 2154 3256 2154 3087 2184 3071 2184 3061 2184 2907 2154 2902 2154"/></Shape>
	    <String CONTENT="secretaire de deffunt le Prince Cantimer et"
                    HPOS="1761"
                    VPOS="2143"
                    WIDTH="2078"
                    HEIGHT="210"></String>
          </TextLine>

          
          
          <TextLine ID="eSc_line_9061f615"
                    TAGREFS="LT637"
                    BASELINE="1766 2425 3721 2379" 
                    HPOS="1756"
                    VPOS="2282"
                    WIDTH="1960"
                    HEIGHT="189">
            <Shape><Polygon POINTS="1761 2420 1761 2471 1976 2435 2047 2466 2052 2466 2058 2466 2063 2466 2196 2430 2467 2456 2554 2461 2559 2461 2564 2461 2590 2450 2662 2420 3025 2435 3271 2445 3276 2445 3281 2445 3322 2425 3353 2409 3711 2409 3716 2374 3701 2292 3097 2312 3092 2307 3071 2292 3071 2287 3066 2287 3061 2287 3056 2287 2918 2312 2897 2317 2851 2282 2846 2282 2841 2282 2836 2282 2646 2322 2641 2322 2636 2322 2508 2297 2503 2297 2498 2297 2493 2297 2452 2328 2237 2297 2232 2297 2227 2297 2104 2338 1868 2307 1863 2307 1858 2307 1756 2343 1761 2420"/></Shape>
	    <String CONTENT="plusieurs Etrangers lesquels y passent"
                    HPOS="1756"
                    VPOS="2282"
                    WIDTH="1960"
                    HEIGHT="189"></String>
          </TextLine>

          
          
          <TextLine ID="eSc_line_f0f23511"
                    TAGREFS="LT637"
                    BASELINE="1786 2537 3466 2517" 
                    HPOS="1776"
                    VPOS="2404"
                    WIDTH="1684"
                    HEIGHT="205">
            <Shape><Polygon POINTS="1781 2532 1781 2609 1996 2609 1996 2604 2001 2604 2006 2604 2006 2599 2012 2599 2037 2573 2124 2594 2186 2604 2191 2604 2196 2604 2201 2604 2221 2589 2278 2553 2457 2578 2595 2599 2600 2599 2605 2599 2611 2599 2641 2573 2672 2548 3460 2537 3460 2512 3455 2435 3394 2404 3389 2404 3384 2404 3378 2404 3245 2435 2820 2409 2815 2409 2396 2445 2278 2415 2273 2415 2268 2415 2262 2415 2180 2450 2180 2456 1776 2456 1781 2532"/></Shape>
	    <String CONTENT="quelque fois vne partie de la nuit"
                    HPOS="1776"
                    VPOS="2404"
                    WIDTH="1684"
                    HEIGHT="205"></String>
          </TextLine>

          
        </TextBlock>
        
        <TextBlock HPOS="1738"
                   VPOS="2718"
                   WIDTH="2204"
                   HEIGHT="1432"
                   ID="eSc_textblock_ff9bedc2"
                   TAGREFS="BT1661">
          <Shape><Polygon POINTS="1745 2718 1738 4143 3942 4150 3942 2718"/></Shape>
          
          
          <TextLine ID="eSc_line_c4867392"
                    TAGREFS="LT637"
                    BASELINE="1771 2819 3896 2783" 
                    HPOS="1766"
                    VPOS="2670"
                    WIDTH="2130"
                    HEIGHT="179">
            <Shape><Polygon POINTS="1771 2819 1771 2849 3890 2814 3896 2783 3885 2696 3722 2670 3716 2670 3568 2701 3532 2706 3506 2701 3409 2676 3404 2676 3399 2676 3179 2706 3143 2711 3123 2711 2974 2681 2969 2681 2810 2716 2800 2716 2790 2716 2682 2686 2677 2686 2672 2686 2426 2722 2396 2696 2396 2691 2390 2691 2385 2691 2380 2691 2083 2732 2058 2732 2037 2732 1827 2701 1822 2701 1817 2701 1766 2727 1771 2819"/></Shape>
	    <String CONTENT="Vn des gens de Lambassadeur d&#39;hollande m&#39;a dit que lundy"
                    HPOS="1766"
                    VPOS="2670"
                    WIDTH="2130"
                    HEIGHT="179"></String>
          </TextLine>

          
          
          <TextLine ID="eSc_line_9fffa2b3"
                    TAGREFS="LT637"
                    BASELINE="1771 2916 2718 2926 3926 2880" 
                    HPOS="1766"
                    VPOS="2793"
                    WIDTH="2160"
                    HEIGHT="159">
            <Shape><Polygon POINTS="3332 2793 3220 2819 3194 2824 3174 2819 3087 2798 3082 2798 3076 2798 3071 2798 3066 2798 3041 2824 3030 2829 2984 2824 2815 2809 2810 2809 2805 2809 2800 2809 2774 2829 2769 2839 2549 2839 2513 2839 2293 2814 2288 2814 2283 2814 2278 2814 2278 2819 2247 2844 2119 2819 2114 2819 2109 2819 2017 2849 2012 2849 1797 2824 1791 2824 1786 2824 1781 2824 1781 2829 1766 2839 1771 2916 1771 2952 3926 2911 3926 2880 3916 2803 3583 2793 3578 2793 3573 2793 3506 2814 3471 2819 3440 2814 3338 2793 3332 2793"/></Shape>
	    <String CONTENT="dernier Lambassadeur auoit receu des lettres des Etats"
                    HPOS="1766"
                    VPOS="2793"
                    WIDTH="2160"
                    HEIGHT="159"></String>
          </TextLine>

          
          
          <TextLine ID="eSc_line_0569f03e"
                    TAGREFS="LT637"
                    BASELINE="1766 3044 3803 2993" 
                    HPOS="1761"
                    VPOS="2916"
                    WIDTH="2042"
                    HEIGHT="194">
            <Shape><Polygon POINTS="1766 3044 1776 3110 1837 3069 2037 3069 2119 3095 2150 3105 2155 3105 2160 3105 2165 3105 2170 3105 2170 3100 2175 3100 2180 3095 2201 3069 2682 3075 3184 3080 3189 3080 3348 3049 3404 3039 3440 3044 3553 3069 3558 3069 3563 3069 3568 3069 3599 3039 3604 3034 3803 3029 3803 2993 3788 2916 1761 2967 1766 3044"/></Shape>
	    <String CONTENT="par les quelles on luy marquoit que des vaisseaux"
                    HPOS="1761"
                    VPOS="2916"
                    WIDTH="2042"
                    HEIGHT="194"></String>
          </TextLine>

          
          
          <TextLine ID="eSc_line_f627d5ee"
                    TAGREFS="LT637"
                    BASELINE="1745 3151 2749 3146 3911 3100" 
                    HPOS="1740"
                    VPOS="3008"
                    WIDTH="2171"
                    HEIGHT="200">
            <Shape><Polygon POINTS="1745 3151 1745 3208 1955 3172 2406 3187 2544 3187 2549 3187 2554 3187 2585 3177 2646 3162 2815 3172 2974 3177 2979 3177 2984 3177 2989 3177 3005 3162 3025 3146 3092 3156 3163 3172 3169 3172 3906 3126 3911 3100 3896 3008 3573 3013 3568 3013 3563 3013 3558 3018 3532 3039 3506 3018 3501 3018 3496 3018 3491 3018 3471 3018 3332 3049 3240 3029 3204 3023 3199 3023 3194 3023 3189 3023 3184 3029 3153 3054 2918 3039 2779 3034 2774 3034 2769 3034 2764 3034 2764 3039 2754 3044 2733 3064 2493 3054 2303 3049 2298 3049 1740 3080 1745 3151"/></Shape>
	    <String CONTENT="françois avoient pris plusieurs vaisseaux hollandois"
                    HPOS="1740"
                    VPOS="3008"
                    WIDTH="2171"
                    HEIGHT="200"></String>
          </TextLine>

          
          
          <TextLine ID="eSc_line_0ffdcbc2"
                    TAGREFS="LT637"
                    BASELINE="1761 3254 3184 3249 3921 3203" 
                    HPOS="1756"
                    VPOS="3116"
                    WIDTH="2165"
                    HEIGHT="168">
            <Shape><Polygon POINTS="2779 3146 2728 3151 2718 3151 2708 3156 2687 3167 2677 3156 2667 3151 2626 3151 2575 3151 2524 3151 2477 3151 2462 3167 2452 3177 2237 3177 2227 3172 2196 3151 2165 3151 2155 3151 2063 3182 2052 3182 2047 3182 2001 3151 1960 3151 1909 3151 1858 3151 1832 3151 1756 3182 1761 3254 1761 3279 3322 3284 3327 3284 3332 3284 3430 3254 3440 3254 3455 3254 3660 3279 3665 3279 3921 3243 3921 3203 3911 3116 3696 3116 3691 3116 3686 3116 3681 3116 3675 3121 3650 3141 3568 3126 3537 3121 3532 3121 3527 3121 3522 3121 3522 3126 3517 3126 3491 3156 3343 3162 3163 3141 3112 3136 3107 3136 3025 3146 2861 3167 2826 3151 2810 3146 2779 3146"/></Shape>
	    <String CONTENT="et les avoient conduits dans plusieurs ports de fo?nee?"
                    HPOS="1756"
                    VPOS="3116"
                    WIDTH="2165"
                    HEIGHT="168"></String>
          </TextLine>

          
          
          <TextLine ID="eSc_line_99049932"
                    TAGREFS="LT637"
                    BASELINE="1750 3366 3117 3356 3906 3315" 
                    HPOS="1745"
                    VPOS="3233"
                    WIDTH="2161"
                    HEIGHT="190">
            <Shape><Polygon POINTS="3179 3254 3128 3254 3107 3254 1745 3284 1750 3366 1756 3423 1848 3392 1878 3417 1884 3417 1889 3417 1894 3417 1899 3417 2027 3387 2406 3402 2549 3407 2554 3407 2559 3407 2580 3397 2621 3376 2877 3387 3117 3397 3123 3397 3128 3397 3204 3376 3245 3366 3286 3371 3389 3392 3394 3392 3399 3392 3404 3392 3440 3366 3455 3361 3506 3366 3665 3387 3670 3387 3675 3387 3681 3387 3722 3361 3732 3356 3901 3356 3906 3315 3890 3233 3199 3249 3179 3254"/></Shape>
	    <String CONTENT="que ces nouvelles jnquietoit beaucoup L&#39;ambassadeur"
                    HPOS="1745"
                    VPOS="3233"
                    WIDTH="2161"
                    HEIGHT="190"></String>
          </TextLine>

          
          
          <TextLine ID="eSc_line_97e3916c"
                    TAGREFS="LT637"
                    BASELINE="1761 3484 3942 3433" 
                    HPOS="1756"
                    VPOS="3330"
                    WIDTH="2186"
                    HEIGHT="215">
            <Shape><Polygon POINTS="3291 3351 3240 3351 3189 3356 3169 3356 3056 3382 2877 3371 2739 3361 2728 3361 2677 3361 2646 3361 2621 3382 2605 3392 2549 3382 2436 3361 2421 3366 2370 3366 2319 3366 2268 3366 2221 3366 2037 3371 1756 3412 1761 3484 1761 3510 1863 3545 1868 3545 1873 3545 1878 3545 2001 3510 2027 3504 2052 3510 2170 3535 2175 3535 2180 3535 2186 3535 2216 3510 2232 3499 2355 3510 2626 3530 2631 3530 2636 3530 2641 3530 2641 3525 2646 3525 2662 3504 2677 3520 2677 3525 2682 3525 2687 3525 2692 3525 2831 3504 2989 3484 3138 3504 3220 3515 3225 3515 3230 3515 3271 3504 3384 3474 3471 3504 3491 3510 3496 3510 3501 3510 3506 3510 3522 3504 3594 3463 3809 3463 3931 3499 3942 3433 3926 3330 3501 3371 3317 3351 3302 3346 3291 3351"/></Shape>
	    <String CONTENT="et quil avoit dit a plusieurs personnes qui étoient"
                    HPOS="1756"
                    VPOS="3330"
                    WIDTH="2186"
                    HEIGHT="215"></String>
          </TextLine>

          
          
          <TextLine ID="eSc_line_db1acaf4"
                    TAGREFS="LT637"
                    BASELINE="1761 3591 3890 3571" 
                    HPOS="1756"
                    VPOS="3463"
                    WIDTH="2134"
                    HEIGHT="174">
            <Shape><Polygon POINTS="2308 3474 2303 3474 2160 3515 2150 3515 2145 3515 1996 3479 1960 3479 1756 3515 1761 3591 1761 3612 2283 3637 2288 3637 2293 3637 2375 3612 2401 3607 2416 3612 2457 3632 2462 3632 2467 3632 3885 3607 3890 3571 3885 3504 3752 3463 3747 3463 3742 3463 3348 3504 3343 3504 2856 3469 2851 3469 2846 3469 2728 3510 2718 3510 2314 3474 2308 3474"/></Shape>
	    <String CONTENT="auec luy a Marle, quil ne sçavoit que penser des"
                    HPOS="1756"
                    VPOS="3463"
                    WIDTH="2134"
                    HEIGHT="174"></String>
          </TextLine>

          
          
          <TextLine ID="eSc_line_768b6297"
                    TAGREFS="LT637"
                    BASELINE="1750 3709 3947 3709" 
                    HPOS="1750"
                    VPOS="3591"
                    WIDTH="2197"
                    HEIGHT="174">
            <Shape><Polygon POINTS="2088 3591 2083 3591 2017 3627 2012 3632 1750 3632 1750 3709 1750 3765 2047 3730 2232 3730 2262 3760 2262 3765 2268 3765 2273 3765 2278 3765 2370 3760 2790 3730 2851 3755 2877 3765 2882 3765 2887 3765 2974 3755 3102 3730 3501 3730 3547 3745 3599 3765 3604 3765 3609 3765 3947 3740 3947 3709 3937 3591 3829 3627 3650 3597 3614 3591 3307 3591 3302 3591 3297 3591 3291 3591 3281 3602 3256 3622 3230 3602 3220 3597 3220 3591 3215 3591 3210 3591 3051 3591 3046 3591 3041 3591 3035 3591 3015 3607 2979 3632 2508 3632 2483 3617 2442 3597 2436 3597 2431 3597 2426 3597 2349 3617 2314 3627 2268 3622 2093 3591 2088 3591"/></Shape>
	    <String CONTENT="procedés des françois et que des hostelitées pareilles"
                    HPOS="1750"
                    VPOS="3591"
                    WIDTH="2197"
                    HEIGHT="174"></String>
          </TextLine>

          
          
          <TextLine ID="eSc_line_ad3e9721"
                    TAGREFS="LT637"
                    BASELINE="1740 3811 3947 3822" 
                    HPOS="1735"
                    VPOS="3694"
                    WIDTH="2212"
                    HEIGHT="194">
            <Shape><Polygon POINTS="3839 3714 3798 3714 3660 3740 3629 3740 3588 3735 3435 3714 3430 3714 3378 3714 3327 3714 3312 3730 3291 3745 2907 3745 2877 3719 2867 3714 2867 3714 2815 3714 2779 3714 2733 3735 2682 3714 2662 3714 2611 3714 2605 3714 2575 3740 2298 3740 2257 3714 2252 3714 2201 3714 2175 3740 1945 3740 1827 3714 1791 3714 1786 3704 1740 3694 1740 3811 1735 3873 2442 3852 2718 3878 2841 3888 2846 3888 2969 3878 3184 3857 3937 3873 3947 3822 3947 3740 3890 3714 3839 3714"/></Shape>
	    <String CONTENT="Si elles étoient reïterées pouroient bien determiner"
                    HPOS="1735"
                    VPOS="3694"
                    WIDTH="2212"
                    HEIGHT="194"></String>
          </TextLine>

          
          
          <TextLine ID="eSc_line_d8fad6a5"
                    TAGREFS="LT637"
                    BASELINE="1756 3955 3916 3939" 
                    HPOS="1750"
                    VPOS="3837"
                    WIDTH="2166"
                    HEIGHT="179">
            <Shape><Polygon POINTS="3901 3929 3870 3868 3681 3842 3675 3842 3317 3868 3194 3837 3189 3837 3184 3837 3010 3873 2667 3842 2662 3842 2657 3842 2651 3842 2611 3878 2462 3878 1981 3847 1976 3847 1971 3847 1894 3878 1797 3847 1791 3847 1786 3847 1781 3847 1776 3847 1776 3852 1750 3873 1756 3955 1756 3996 2339 3980 2375 3990 2462 4016 2467 4016 2472 4016 2477 4016 2483 4016 2518 3990 2539 3975 2570 3985 2626 4011 2631 4011 2636 4011 2759 3985 2810 3975 2836 3985 2902 4011 2907 4011 2913 4016 3194 4016 3194 4011 3199 4011 3286 3980 3312 3970 3640 3970 3650 3975 3686 4006 3691 4006 3696 4006 3701 4011 3844 4011 3844 4006 3850 4006 3916 3970 3916 3939 3911 3919 3901 3929"/></Shape>
	    <String CONTENT="les hollandois a quelques choses depir ; mais que"
                    HPOS="1750"
                    VPOS="3837"
                    WIDTH="2166"
                    HEIGHT="179"></String>
          </TextLine>

          
          
          <TextLine ID="eSc_line_93b42881"
                    TAGREFS="LT637"
                    BASELINE="1750 4072 3015 4083 3640 4057" 
                    HPOS="1745"
                    VPOS="3950"
                    WIDTH="1895"
                    HEIGHT="204">
            <Shape><Polygon POINTS="2416 3955 2411 3955 2360 3955 2308 3955 2288 3955 2262 3980 2247 3990 2232 3980 2201 3960 2196 3960 2191 3960 2186 3960 2180 3960 2175 3960 2150 3980 2134 3996 1899 3996 1889 3985 1837 3955 1802 3955 1745 3980 1750 4072 1750 4154 2073 4124 2186 4149 2216 4154 2221 4154 2227 4154 2247 4149 2324 4113 2370 4144 2375 4149 2380 4149 2385 4149 2390 4154 2390 4149 2396 4149 2401 4149 2406 4144 2457 4113 2636 4113 2687 4139 2718 4154 2723 4154 2728 4154 2867 4134 2989 4118 3035 4134 3102 4154 3107 4154 3112 4154 3117 4154 3163 4129 3199 4113 3261 4129 3353 4149 3358 4149 3363 4149 3409 4124 3435 4113 3634 4118 3640 4057 3629 3950 3404 3950 3399 3950 3394 3950 3384 3955 3307 3996 3005 3996 2969 3960 2964 3960 2964 3955 2959 3955 2954 3955 2948 3955 2943 3955 2918 3965 2846 3990 2718 3970 2687 3965 2682 3965 2626 3970 2457 3990 2436 3975 2421 3960 2421 3955 2416 3955"/></Shape>
	    <String CONTENT="luy ambassadeur il en seroit fort faché"
                    HPOS="1745"
                    VPOS="3950"
                    WIDTH="1895"
                    HEIGHT="204"></String>
          </TextLine>

          
        </TextBlock>
        
        <TextBlock HPOS="6203"
                   VPOS="1128"
                   WIDTH="171"
                   HEIGHT="82"
                   ID="eSc_textblock_06116fc8"
                   TAGREFS="BT1663">
          <Shape><Polygon POINTS="6203 1128 6203 1210 6374 1210 6374 1128"/></Shape>
          
          
          <TextLine ID="eSc_line_62123589"
                    TAGREFS="LT637"
                    BASELINE="6241 1179 6342 1185" 
                    HPOS="6235"
                    VPOS="1113"
                    WIDTH="108"
                    HEIGHT="125">
            <Shape><Polygon POINTS="6235 1238 6333 1222 6338 1181 6343 1113 6269 1121 6240 1176"/></Shape>
	    <String CONTENT="316"
                    HPOS="6235"
                    VPOS="1113"
                    WIDTH="108"
                    HEIGHT="125"></String>
          </TextLine>

          
        </TextBlock>
        
        <TextBlock HPOS="4106"
                   VPOS="1115"
                   WIDTH="2449"
                   HEIGHT="3051"
                   ID="eSc_textblock_47c926cc"
                   TAGREFS="BT1661">
          <Shape><Polygon POINTS="4106 1117 4119 4166 6547 4075 6555 1130 4621 1115"/></Shape>
          
          
          <TextLine ID="eSc_line_bf7b779e"
                    TAGREFS="LT638"
                    BASELINE="4116 1212 4592 1207" 
                    HPOS="4111"
                    VPOS="1105"
                    WIDTH="481"
                    HEIGHT="138">
            <Shape><Polygon POINTS="4561 1110 4438 1105 4418 1105 4367 1105 4315 1105 4264 1105 4213 1105 4162 1135 4157 1105 4111 1115 4116 1212 4116 1243 4587 1222 4592 1207 4582 1120 4571 1115"/></Shape>
	    <String CONTENT="M Duual"
                    HPOS="4111"
                    VPOS="1105"
                    WIDTH="481"
                    HEIGHT="138"></String>
          </TextLine>

          
          
          <TextLine ID="eSc_line_57842985"
                    TAGREFS="LT637"
                    BASELINE="4249 1376 5785 1309 6524 1309" 
                    HPOS="4239"
                    VPOS="1176"
                    WIDTH="2283"
                    HEIGHT="251">
            <Shape><Polygon POINTS="4244 1371 4249 1422 4408 1381 4489 1417 4520 1427 4525 1427 4530 1427 4771 1407 4797 1401 4802 1401 4807 1401 4858 1366 4894 1391 4899 1391 4904 1391 4909 1391 5129 1355 5396 1381 5401 1381 5728 1335 5810 1366 5815 1366 5821 1366 5826 1366 5831 1366 5887 1330 6123 1330 6179 1361 6194 1366 6199 1366 6205 1366 6522 1345 6522 1304 6512 1212 6240 1222 6220 1222 6020 1176 6015 1176 5754 1187 5749 1187 5667 1228 5554 1197 5549 1197 5544 1197 5539 1197 5534 1197 5503 1222 5472 1197 5467 1197 5462 1197 5457 1197 5252 1202 5247 1202 5242 1202 5175 1248 5109 1212 5104 1212 5099 1212 5094 1212 4899 1268 4889 1268 4858 1268 4525 1253 4520 1253 4515 1253 4510 1253 4469 1284 4464 1289 4239 1289 4244 1371"/></Shape>
	    <String CONTENT="Le 29 juin Mʳ. Lambassadeur dhollande n&#39;a pas"
                    HPOS="4239"
                    VPOS="1176"
                    WIDTH="2283"
                    HEIGHT="251"></String>
          </TextLine>

          
          
          <TextLine ID="eSc_line_0ebdc47f"
                    TAGREFS="LT637"
                    BASELINE="4244 1524 4469 1514" 
                    HPOS="4239"
                    VPOS="1391"
                    WIDTH="230"
                    HEIGHT="195">
            <Shape><Polygon POINTS="4244 1524 4249 1586 4356 1545 4464 1560 4469 1514 4454 1391 4239 1417 4244 1524"/></Shape>
	    <String CONTENT="sorti"
                    HPOS="4239"
                    VPOS="1391"
                    WIDTH="230"
                    HEIGHT="195"></String>
          </TextLine>

          
          
          <TextLine ID="eSc_line_5eaf8424"
                    TAGREFS="LT637"
                    BASELINE="4228 1632 6496 1611" 
                    HPOS="4223"
                    VPOS="1488"
                    WIDTH="2268"
                    HEIGHT="164">
            <Shape><Polygon POINTS="4372 1514 4341 1514 4341 1519 4310 1545 4223 1519 4223 1627 4223 1647 6481 1652 6491 1606 6481 1535 6184 1535 6184 1529 6148 1499 6148 1494 6143 1494 6138 1494 6133 1494 5928 1529 5918 1529 5913 1529 5862 1488 5856 1488 5851 1488 5846 1488 5841 1488 5713 1529 5682 1540 5508 1540 5488 1524 5442 1494 5437 1494 5431 1494 5426 1494 5421 1494 5355 1524 5319 1545 4991 1545 4971 1524 4945 1499 4945 1494 4940 1494 4935 1494 4930 1494 4500 1499 4495 1499 4454 1519 4438 1524 4418 1519 4402 1514 4372 1514"/></Shape>
	    <String CONTENT="Le 30 jl a èté a versailles et en revenant ⟦chez⟧"
                    HPOS="4223"
                    VPOS="1488"
                    WIDTH="2268"
                    HEIGHT="164"></String>
          </TextLine>

          
          
          <TextLine ID="eSc_line_b33bc28c"
                    TAGREFS="LT637"
                    BASELINE="4239 1785 6455 1765" 
                    HPOS="4169"
                    VPOS="1637"
                    WIDTH="2281"
                    HEIGHT="300">
            <Shape><Polygon POINTS="4169 1915 4245 1937 4336 1878 4346 1857 4351 1857 4449 1801 4623 1836 4628 1836 4633 1836 4735 1801 4853 1842 4879 1852 4884 1852 4889 1852 4894 1852 4930 1842 5083 1795 5165 1821 5170 1821 5175 1821 5309 1795 5380 1831 5416 1847 5421 1847 5426 1847 5431 1847 5488 1826 5585 1795 5734 1816 5739 1816 5990 1785 6041 1816 6092 1842 6097 1842 6182 1895 6450 1801 6450 1760 6435 1668 6302 1678 6276 1668 6215 1637 6210 1637 6030 1637 6025 1637 5662 1673 5442 1642 5437 1642 5431 1642 5355 1683 5268 1647 5263 1647 5257 1647 5252 1647 5247 1647 5247 1652 5216 1678 5175 1652 5170 1652 5165 1652 5160 1652 4955 1688 4914 1657 4909 1657 4904 1657 4899 1657 4725 1693 4720 1693 4664 1652 4658 1652 4653 1652 4648 1652 4643 1652 4638 1652 4576 1693 4361 1668 4356 1668 4351 1668 4228 1698 4233 1780"/></Shape>
	    <String CONTENT="jl a èté chez Mʳ. lambassadeur de Portugal"
                    HPOS="4169"
                    VPOS="1637"
                    WIDTH="2281"
                    HEIGHT="300"></String>
          </TextLine>

          
          
          <TextLine ID="eSc_line_6123a457"
                    TAGREFS="LT637"
                    BASELINE="4223 1995 5846 1980" 
                    HPOS="4218"
                    VPOS="1847"
                    WIDTH="1628"
                    HEIGHT="245">
            <Shape><Polygon POINTS="4223 1995 4223 2062 4315 2046 4351 2062 4397 2087 4402 2087 4408 2087 4413 2087 4459 2062 4510 2036 4536 2062 4556 2082 4556 2087 4561 2087 4566 2087 4571 2092 4664 2092 4664 2087 4669 2087 4674 2087 4715 2062 4771 2031 4899 2031 4930 2062 4950 2077 4950 2082 4955 2082 4960 2082 4966 2087 5058 2087 5058 2082 5063 2082 5068 2082 5068 2077 5088 2062 5119 2031 5257 2031 5298 2062 5319 2077 5324 2077 5329 2077 5334 2077 5339 2077 5391 2062 5431 2046 5472 2062 5519 2077 5524 2077 5529 2077 5841 2056 5846 1980 5826 1872 5749 1893 5728 1872 5703 1852 5703 1847 5698 1847 5693 1847 5687 1847 5682 1847 5626 1877 5580 1903 5227 1903 5211 1888 5175 1857 5175 1852 5170 1852 5165 1852 5160 1852 5155 1852 5150 1852 5150 1857 5114 1888 5099 1908 4950 1908 4940 1893 4894 1852 4894 1847 4889 1847 4884 1847 4879 1847 4310 1852 4305 1852 4300 1852 4218 1898 4223 1995"/></Shape>
	    <String CONTENT="Le prᵉ. julliet jl n&#39;a pas sorti"
                    HPOS="4218"
                    VPOS="1847"
                    WIDTH="1628"
                    HEIGHT="245"></String>
          </TextLine>

          
          
          <TextLine ID="eSc_line_9bc24fa0"
                    TAGREFS="LT637"
                    BASELINE="4198 2189 6491 2138" 
                    HPOS="4193"
                    VPOS="2015"
                    WIDTH="2298"
                    HEIGHT="210">
            <Shape><Polygon POINTS="4198 2189 4198 2225 6491 2169 6491 2138 6471 2036 6384 2056 6246 2036 6092 2015 6087 2015 5949 2041 5780 2077 5565 2077 5529 2046 5513 2031 5508 2031 5503 2031 5401 2031 5396 2031 5391 2031 5385 2031 5365 2046 5319 2082 4853 2056 4664 2046 4658 2046 4653 2046 4648 2046 4648 2051 4638 2056 4602 2097 4193 2067 4198 2189"/></Shape>
	    <String CONTENT="Le 2ᵉ. Le dit Sieur a èté chez Mʳ. le Cardinal"
                    HPOS="4193"
                    VPOS="2015"
                    WIDTH="2298"
                    HEIGHT="210"></String>
          </TextLine>

          
          
          <TextLine ID="eSc_line_0d080f5d"
                    TAGREFS="LT637"
                    BASELINE="4177 2363 5703 2328 6563 2338" 
                    HPOS="4167"
                    VPOS="2189"
                    WIDTH="2391"
                    HEIGHT="226">
            <Shape><Polygon POINTS="4172 2358 4172 2384 4382 2379 4392 2384 4449 2415 4454 2415 4459 2415 4464 2415 4561 2389 4751 2409 4756 2409 4761 2409 4766 2409 4766 2404 4797 2379 4802 2379 4807 2379 4838 2404 4843 2404 4848 2404 4853 2409 5032 2409 5032 2404 5170 2379 5252 2363 5467 2363 5498 2374 5539 2394 5544 2394 5549 2394 5652 2374 5728 2358 5805 2374 5877 2384 5882 2384 5974 2369 6056 2358 6071 2369 6092 2389 6097 2389 6102 2389 6107 2389 6553 2363 6558 2333 6548 2235 6199 2241 6184 2230 6143 2195 6143 2189 6138 2189 6133 2189 6128 2189 5928 2225 5908 2230 5897 2225 5836 2195 5831 2195 5565 2195 5559 2195 5554 2195 5549 2195 5519 2225 5513 2225 5457 2225 5201 2210 5196 2210 5191 2210 5155 2220 5053 2256 4976 2220 4945 2205 4940 2205 4935 2205 4930 2205 4899 2220 4807 2266 4602 2266 4541 2220 4536 2220 4530 2220 4525 2220 4326 2266 4264 2215 4259 2215 4254 2215 4167 2215 4172 2358"/></Shape>
	    <String CONTENT="de Tancin, chez Mʳ. Lambassadeur d&#39;Espagne,"
                    HPOS="4167"
                    VPOS="2189"
                    WIDTH="2391"
                    HEIGHT="226"></String>
          </TextLine>

          
          
          <TextLine ID="eSc_line_c828155b"
                    TAGREFS="LT637"
                    BASELINE="4167 2517 5462 2496 6471 2512" 
                    HPOS="4162"
                    VPOS="2374"
                    WIDTH="2309"
                    HEIGHT="189">
            <Shape><Polygon POINTS="4167 2517 4167 2537 4413 2563 4418 2563 4423 2563 4474 2542 4500 2532 4541 2542 4597 2558 4602 2558 4607 2558 4797 2542 4960 2532 5012 2548 5073 2563 5078 2563 5083 2563 5088 2563 5119 2548 5145 2532 5452 2527 5529 2548 5559 2558 5565 2558 5570 2558 5575 2558 5580 2558 5580 2553 5585 2548 5611 2527 5698 2527 5728 2553 5734 2558 5739 2558 5744 2558 5749 2558 5790 2553 5882 2532 6041 2553 6097 2558 6102 2558 6107 2558 6112 2558 6118 2553 6164 2527 6461 2553 6471 2512 6461 2374 6061 2409 5979 2384 5969 2379 5964 2379 5959 2379 5897 2384 5723 2404 5698 2389 5682 2374 5677 2374 5672 2374 5667 2374 5575 2389 5529 2399 5503 2394 5442 2374 5437 2374 5431 2374 5426 2374 5421 2374 5421 2379 5401 2394 5380 2415 5329 2399 5268 2379 5263 2379 5257 2379 5094 2384 5088 2384 5083 2384 5063 2404 5048 2415 5022 2404 4966 2379 4960 2379 4955 2379 4827 2409 4792 2420 4704 2420 4694 2409 4658 2379 4653 2379 4648 2379 4643 2379 4638 2379 4633 2379 4587 2415 4582 2415 4566 2415 4285 2384 4280 2384 4274 2384 4162 2420 4167 2517"/></Shape>
	    <String CONTENT="chez chez Mʳ. Le Duc de gêvre, chez Mʳ. Le"
                    HPOS="4162"
                    VPOS="2374"
                    WIDTH="2309"
                    HEIGHT="189"></String>
          </TextLine>

          
          
          <TextLine ID="eSc_line_1b25ba1d"
                    TAGREFS="LT637"
                    BASELINE="4152 2691 6542 2660" 
                    HPOS="4146"
                    VPOS="2517"
                    WIDTH="2396"
                    HEIGHT="194">
            <Shape><Polygon POINTS="4152 2691 4152 2711 6537 2696 6542 2660 6522 2517 6420 2558 5995 2558 5862 2532 5821 2527 5815 2527 5667 2537 5283 2568 5191 2548 5124 2537 5119 2537 5114 2537 5083 2553 5053 2568 4899 2558 4699 2542 4694 2542 4689 2542 4633 2563 4612 2573 4597 2563 4551 2542 4546 2542 4541 2542 4536 2542 4530 2542 4505 2568 4500 2573 4489 2568 4438 2548 4433 2548 4428 2548 4423 2548 4331 2573 4305 2578 4295 2573 4254 2548 4249 2548 4244 2548 4239 2548 4233 2548 4146 2568 4152 2691"/></Shape>
	    <String CONTENT="Comte de Sᵗ. florentin, chez Mʳ. Romieux, chez"
                    HPOS="4146"
                    VPOS="2517"
                    WIDTH="2396"
                    HEIGHT="194"></String>
          </TextLine>

          
          
          <TextLine ID="eSc_line_64236795"
                    TAGREFS="LT637"
                    BASELINE="4157 2885 6384 2798" 
                    HPOS="4152"
                    VPOS="2665"
                    WIDTH="2232"
                    HEIGHT="271">
            <Shape><Polygon POINTS="6297 2665 6266 2665 6169 2706 6153 2711 6138 2706 6005 2670 5990 2670 5954 2670 5785 2716 5734 2696 5728 2696 5723 2696 5718 2696 5713 2696 5672 2727 5662 2737 5652 2727 5626 2711 5621 2711 5616 2711 5611 2711 5606 2711 5600 2711 5575 2732 5559 2747 5186 2763 5109 2763 5099 2752 5032 2706 5027 2706 5022 2706 4935 2706 4930 2706 4925 2706 4920 2706 4920 2711 4873 2752 4838 2722 4838 2716 4832 2716 4827 2716 4674 2716 4669 2716 4664 2716 4423 2783 4408 2788 4397 2788 4285 2732 4280 2732 4274 2732 4269 2732 4152 2788 4157 2885 4157 2901 4233 2936 4239 2936 4244 2936 4643 2880 4679 2880 4715 2880 5201 2906 5206 2906 5211 2906 5216 2906 5257 2880 5401 2896 5406 2896 5411 2896 5416 2896 5467 2849 5472 2849 5483 2849 5718 2885 5723 2885 5728 2885 5862 2834 5892 2834 6015 2829 6020 2829 6051 2860 6056 2860 6061 2860 6066 2860 6379 2814 6384 2798 6374 2691 6322 2665 6297 2665"/></Shape>
	    <String CONTENT="chez Mʳ. de Prangien, chez Mʳ. Lalemend"
                    HPOS="4152"
                    VPOS="2665"
                    WIDTH="2232"
                    HEIGHT="271"></String>
          </TextLine>

          
          
          <TextLine ID="eSc_line_00d634c8"
                    TAGREFS="LT637"
                    BASELINE="4152 3044 5836 3003" 
                    HPOS="4146"
                    VPOS="2880"
                    WIDTH="1690"
                    HEIGHT="215">
            <Shape><Polygon POINTS="4152 3044 4152 3085 4515 3095 4520 3095 4525 3095 4530 3095 4530 3090 4551 3075 4582 3049 4904 3049 4935 3064 4981 3085 4986 3085 4991 3085 4996 3085 5073 3059 5078 3059 5124 3080 5129 3080 5135 3080 5140 3080 5145 3080 5175 3054 5216 3034 5324 3034 5350 3049 5380 3075 5385 3075 5391 3075 5396 3075 5401 3075 5472 3049 5508 3034 5831 3034 5836 3003 5821 2926 5667 2926 5657 2921 5565 2880 5559 2880 5554 2880 5549 2880 5544 2880 5493 2921 5488 2921 5442 2885 5437 2885 5431 2885 5426 2885 5421 2885 5416 2885 5370 2921 5344 2936 5314 2921 5252 2885 5247 2885 5242 2885 5237 2885 5160 2916 5104 2942 5001 2916 4920 2896 4914 2896 4909 2896 4904 2896 4899 2896 4868 2916 4807 2952 4546 2957 4397 2911 4377 2906 4372 2906 4367 2906 4361 2906 4356 2906 4356 2911 4351 2911 4315 2952 4280 2921 4280 2916 4274 2916 4269 2916 4146 2911 4152 3044"/></Shape>
	    <String CONTENT="de Bay et chez Mᵈᵉ. de lorme"
                    HPOS="4146"
                    VPOS="2880"
                    WIDTH="1690"
                    HEIGHT="215"></String>
          </TextLine>

          
          
          <TextLine ID="eSc_line_b5c7b14d"
                    TAGREFS="LT637"
                    BASELINE="4157 3238 6394 3133" 
                    HPOS="4146"
                    VPOS="3013"
                    WIDTH="2243"
                    HEIGHT="256">
            <Shape><Polygon POINTS="4152 3233 4152 3269 4438 3243 4505 3259 4551 3269 4556 3269 4561 3269 4566 3269 4571 3269 4592 3254 4623 3238 4699 3249 4812 3264 4817 3264 4822 3264 4879 3238 4935 3218 5114 3228 5216 3233 5222 3233 5227 3233 5283 3218 5350 3203 5396 3213 5457 3233 5462 3233 5467 3233 5682 3197 5826 3177 5867 3192 5928 3213 5933 3213 5938 3213 6087 3177 6164 3162 6205 3172 6246 3187 6251 3187 6256 3187 6389 3162 6389 3131 6379 3039 5938 3013 5933 3013 5928 3013 5718 3075 5703 3080 5570 3080 5278 3085 5247 3059 5242 3059 5237 3059 5232 3059 5227 3059 5145 3100 5140 3100 4945 3059 4940 3059 4935 3059 4930 3059 4930 3064 4879 3110 4771 3070 4766 3070 4761 3070 4756 3070 4674 3110 4602 3075 4597 3075 4592 3075 4587 3075 4479 3131 4387 3085 4382 3085 4377 3085 4259 3090 4254 3090 4249 3090 4249 3095 4203 3146 4146 3146 4152 3233"/></Shape>
	    <String CONTENT="Le 3 le dit Sʳ. à èté chez Mʳ. le Cardinal"
                    HPOS="4146"
                    VPOS="3013"
                    WIDTH="2243"
                    HEIGHT="256"></String>
          </TextLine>

          
          
          <TextLine ID="eSc_line_0960ddbf"
                    TAGREFS="LT637"
                    BASELINE="4146 3397 6411 3330" 
                    HPOS="4136"
                    VPOS="3213"
                    WIDTH="2273"
                    HEIGHT="204">
            <Shape><Polygon POINTS="4141 3392 4141 3412 4991 3417 4996 3417 5001 3417 5007 3417 5007 3412 5012 3412 5022 3397 5032 3387 5094 3397 5181 3412 5186 3412 5191 3412 5196 3412 5196 3407 5211 3397 5227 3382 5380 3392 5529 3402 5534 3402 5677 3387 5902 3361 5990 3382 6015 3387 6020 3387 6025 3387 6082 3382 6256 3351 6399 3371 6409 3325 6399 3238 6071 3213 6066 3213 6061 3213 6056 3213 6056 3218 6030 3238 5923 3218 5918 3218 5913 3218 5908 3218 5908 3223 5882 3243 5872 3254 5841 3243 5749 3223 5744 3223 5739 3223 5734 3223 5728 3223 5687 3249 5662 3264 5600 3249 5498 3228 5493 3228 5298 3254 5129 3279 5017 3259 4940 3249 4935 3249 4930 3249 4879 3264 4786 3290 4136 3279 4141 3392"/></Shape>
	    <String CONTENT="de tancin, chez Mʳ. Le duc de Bethune,"
                    HPOS="4136"
                    VPOS="3213"
                    WIDTH="2273"
                    HEIGHT="204"></String>
          </TextLine>

          
          
          <TextLine ID="eSc_line_dc81be18"
                    TAGREFS="LT637"
                    BASELINE="4146 3581 5411 3530 6455 3515" 
                    HPOS="4141"
                    VPOS="3387"
                    WIDTH="2314"
                    HEIGHT="245">
            <Shape><Polygon POINTS="4146 3581 4146 3602 4305 3632 4310 3632 4536 3591 5846 3586 6455 3535 6455 3515 6445 3407 5790 3387 5785 3387 5662 3392 5657 3392 5652 3392 5611 3428 5472 3397 5467 3397 5462 3397 5457 3397 5411 3433 5150 3407 5145 3407 5140 3407 5135 3407 5088 3443 5083 3443 5078 3443 4848 3417 4843 3417 4838 3417 4832 3417 4832 3423 4807 3443 4735 3423 4730 3423 4725 3423 4720 3423 4715 3423 4674 3453 4464 3433 4459 3433 4454 3433 4392 3463 4305 3443 4300 3443 4295 3443 4141 3469 4146 3581"/></Shape>
	    <String CONTENT="chez Mʳ. Le Chancelier, chez Mʳ. le Comte de Sᵗ."
                    HPOS="4141"
                    VPOS="3387"
                    WIDTH="2314"
                    HEIGHT="245"></String>
          </TextLine>

          
          
          <TextLine ID="eSc_line_e8fd70ef"
                    TAGREFS="LT637"
                    BASELINE="4152 3745 6450 3663" 
                    HPOS="4141"
                    VPOS="3535"
                    WIDTH="2309"
                    HEIGHT="276">
            <Shape><Polygon POINTS="4152 3745 4157 3811 4331 3760 4546 3791 4576 3796 4582 3796 4587 3796 4612 3791 4766 3745 4873 3776 4879 3776 4884 3776 4889 3776 4894 3776 4894 3770 4935 3740 5109 3755 5114 3755 5119 3755 5124 3755 5165 3730 5247 3755 5288 3770 5293 3770 5298 3770 5513 3760 5519 3760 5524 3760 5549 3740 5570 3730 5621 3740 5713 3755 5718 3755 5723 3755 5728 3755 5728 3750 5749 3730 5759 3724 5790 3730 5862 3740 5867 3740 5872 3740 5877 3740 5902 3724 5918 3714 5938 3724 6005 3745 6010 3745 6015 3745 6020 3745 6118 3714 6164 3699 6445 3699 6450 3663 6440 3545 6199 3535 6194 3535 6189 3535 6143 3556 6087 3581 5918 3566 5877 3566 5872 3566 5836 3571 5718 3597 5662 3581 5585 3556 5580 3556 5575 3556 5570 3556 5483 3586 5426 3612 5350 3612 5334 3597 5309 3571 5309 3566 5303 3566 5298 3566 5293 3566 5073 3576 5068 3576 5063 3576 5012 3612 4991 3622 4935 3612 4807 3591 4802 3591 4797 3591 4730 3622 4710 3632 4689 3627 4587 3591 4582 3591 4576 3591 4571 3591 4423 3637 4418 3637 4295 3602 4290 3602 4285 3602 4280 3602 4141 3648 4152 3745"/></Shape>
	    <String CONTENT="florentin, chez Mʳ. D&#39;argenson, chez Mʳ. Le"
                    HPOS="4141"
                    VPOS="3535"
                    WIDTH="2309"
                    HEIGHT="276"></String>
          </TextLine>

          
          
          <TextLine ID="eSc_line_7ae73651"
                    TAGREFS="LT637"
                    BASELINE="4157 3909 4909 3868 6542 3842" 
                    HPOS="4152"
                    VPOS="3709"
                    WIDTH="2390"
                    HEIGHT="271">
            <Shape><Polygon POINTS="4157 3909 4157 3955 4479 3924 4638 3960 4740 3980 4745 3980 4751 3980 4756 3980 4756 3975 4776 3955 4817 3919 4914 3955 4945 3965 4950 3965 4955 3965 4960 3965 4981 3955 5078 3904 5293 3904 5457 3950 5488 3960 5493 3960 5498 3960 5503 3960 5544 3950 5687 3914 5846 3950 5867 3950 5872 3950 5877 3950 5887 3950 5984 3909 6077 3944 6087 3950 6092 3950 6097 3950 6542 3939 6542 3842 6527 3750 6394 3750 6348 3714 6348 3709 6343 3709 6338 3709 6333 3709 6327 3709 6210 3745 6005 3714 6000 3714 5995 3714 5990 3714 5943 3755 5831 3719 5826 3719 5821 3719 5611 3735 5606 3735 5600 3735 5570 3765 5442 3730 5437 3730 5431 3730 5426 3730 5421 3730 5421 3735 5375 3776 5150 3776 5083 3735 5078 3735 5073 3735 5068 3735 5063 3735 5058 3735 5058 3740 5007 3786 4838 3786 4761 3745 4756 3745 4751 3745 4745 3745 4740 3745 4740 3750 4699 3791 4628 3791 4510 3750 4505 3750 4500 3750 4495 3750 4489 3750 4489 3755 4449 3786 4244 3765 4239 3765 4233 3765 4152 3796 4157 3909"/></Shape>
	    <String CONTENT="Controleur General et chez Mʳ. du Pain fermier"
                    HPOS="4152"
                    VPOS="3709"
                    WIDTH="2390"
                    HEIGHT="271"></String>
          </TextLine>

          
          
          <TextLine ID="eSc_line_a0a3c752"
                    TAGREFS="LT637"
                    BASELINE="4182 4052 4607 4052" 
                    HPOS="4182"
                    VPOS="3939"
                    WIDTH="425"
                    HEIGHT="236">
            <Shape><Polygon POINTS="4182 4052 4182 4175 4290 4175 4290 4170 4295 4170 4300 4170 4300 4164 4315 4154 4351 4118 4428 4139 4474 4149 4479 4149 4484 4149 4489 4149 4607 4113 4607 4052 4602 3939 4182 3960 4182 4052"/></Shape>
	    <String CONTENT="General"
                    HPOS="4182"
                    VPOS="3939"
                    WIDTH="425"
                    HEIGHT="236"></String>
          </TextLine>

          
        </TextBlock>
        
        <TextBlock HPOS="5875"
                   VPOS="1786"
                   WIDTH="193"
                   HEIGHT="162"
                   ID="eSc_textblock_2600b26f"
                   TAGREFS="BT1666">
          <Shape><Polygon POINTS="5875 1786 5875 1948 6068 1948 6068 1786"/></Shape>
          
        </TextBlock>
        

        
      </PrintSpace>
    </Page>
  </Layout>
</alto>
