7724 6116
5914 1360 153 118 79

4022 1615 2131 224 Le Sieur Poussot est depuis trois heures

4017 1737 2070 220 du matin avec toute sa suite dans

4017 1870 2080 240 le faubourg St Germain à attendre

4017 2013 2101 219 le depart de l'Anglois qui demeure

4022 2145 2065 209 chez Milord Bathman, on-a sçu ce

4027 2262 2055 209 Soir qu'un domestique du dit Milord

4037 2415 1821 194 avoit été hier au soir a la poste

4037 2543 2040 204 demander Cinq chevaux pour minuit,

4037 2660 2040 199 et Sur ce que le maître de poste luy

4032 2792 1887 184 a dit qu'on-avoit qu'a les venir

4032 2925 2086 183 chercher et qui ne les envoïoit jamais,

4053 3047 2100 189 jl c'est retiré et on ne l'a pas revû,

4042 3165 2014 178 C'est ce qui a determiné le dit Sieur

4063 3307 2039 209 Poussot d'y passer la nuit prochaine

4068 3440 2075 183 esperant par la disposition ou jl Croit

4078 3557 2019 204 voir l'affaire quelle se terminera d'ici

4068 3720 1805 209 a demain matin le 24 fevrier 1744
