7736 6104
6005 1373 76 97 78

3944 1642 2173 306 Lofficier Suisse dont parle Marvil dans

3974 1785 2179 280 ses rapport autrement le Sieur Craume

3985 1892 2046 341 fut hier au prêche avec M fesche

3979 2024 2133 275 et passâ l'apres midi avec luy chez

3979 2222 1105 224 Monsieur Thomspson

3995 2299 2051 285 aujourdhuy on ne la pas vû Sortir

4000 2436 2102 275 quoy qu'on ait resté devant Sa porte

4005 2573 2188 280 depuis huit heures du matin jusqu'a

4015 2736 2178 249 Sept heures du Soir je Commence a

4020 2848 2122 270 Soupçonner qu'on nous a donné une

4035 2965 2123 300 fausse demeure parceque depuis dix

4056 3143 2198 285 jours qu'on ne quitte pas le même poste

4051 3275 2193 250 on ne l'a pas encore vû et Si on-eut

4046 3382 2208 305 pas prise la précaution hier de suivre

4046 3550 2010 280 M fesche on ne Connoitroit pas

4066 3698 1761 264 encore le dit sieur Craume

4972 3830 880 208 le 24 fevrier 1744
