8016 5604
6712 1859 122 97 213

4126 1874 2659 137 Tatrait des Registres des Baptêmes, mariages, et sepultures de La

4120 1956 2784 164 Paroisse de s^t Jacques du haut pas a Paris  —

4054 2073 2688 131 Le huit Juillet de l'année mil sept cent trente neuf, Marie

4104 2179 2722 137 Nicole Pitera agée d'onze mois, fille de Messire françois Joseph

4113 2278 2685 134 Nicolas antoine Pitere de marinis Gentilhomme, et de Dame,

4116 2384 2582 109 Marie madelaine Belin morte d'hyer a eté enterrée dans Le

4126 2475 2719 130 cimetiere de cette paroisse en presence de René Jean Baptiste

4120 2565 2743 149 franquin montandre ecuyer, et de Nicolas houdart domestique.

4229 2696 2541 149 Collationné a L'original par moy Docteur de la maison, et

4254 2802 2525 136 societé de sorbonne, et curé de La paroisse de S^t Jacques

4263 2898 2594 153 du haut pas a paris ce sixieme septembre mil sept cent

4288 3016 766 150 quarante et un.

5073 2993 560 180 Coureault
