8028 5628
5785 1286 79 121 55

4353 1300 1069 160 Du samedy 13. may.

4081 1488 1773 144 Le Suedois ensortant de chez luy il

4096 1644 1799 125 à esté chez plusieur tapissier fripiers

4081 1766 1842 116 chercher des tableaux à achetter, dela

4086 1899 1811 98 est retourné chez luy, ensuitte est

4090 2001 1833 137 resorty pour aller diner rue des augustins

4074 2148 1836 131 au panier fleury, dela encore chez luy,

4081 2279 1864 156 ensuitte dans l'abbaye s^t germain ouil

4082 2415 1848 122 a entré dans le couvent, n'y à pas —

4087 2563 1798 129 resté longtemps et est revenu chez —

4096 2692 1292 137 luy d'ou il n'à plus sorti.

4472 2854 957 125 Du Dimanche 14.

4065 3017 1811 150 Jl n'est sorti de chez luy qu'a midy pour

4046 3167 1830 134 aller Diner au panier fleury d'ou il

4046 3323 1799 128 est sorti pour aller chez m^r. pelgrain

4046 3461 1827 125 colonel allemand ou il a resté le reste

4056 3617 1501 122 dela Journée et dela chez luy.

4497 3780 710 137 Du lundy 15.

4115 3895 1805 185 Jl est sorti de chez luy surles vnze —
