8040 5604
1466 1153 2486 191 Dame chez un même Magistrat, Ensuitte ruë

1452 1307 2509 192 Jean Lantier chez Artaud procureur de la Cour,

1499 1513 2448 168 ensuitte ala messe a S^t Mederie et dela

1488 1702 2497 169 Diner chez luy. Ensuitte à esté se promener

1491 1877 2485 152 auec deux autres personnes del'auberge dans

1454 2036 2503 199 Le Jardin de l'arsenal ou ils ont resté

1491 2226 2504 189 Jusqu'a huit heures et sont Revenût ensuitte

1475 2428 991 168 aleur auberge

1995 2580 1573 244 Du Lundy 17. Juillet 1741

1488 2777 2376 196 Jl est sorti tard de chez luy, n'a eté qu'a

1513 2951 2478 193 S^t Mederie y entendre la messe et est

1472 3138 2532 171 venû diner ason auberge et n'a point —

1482 3318 2531 181 sorti de la soirée ; vraysemblablement —

1491 3530 1523 168 acause dela pluye.

2030 3779 1006 178 Du Mardy 18.

1541 4025 2472 187 sortant de chez luy il à eté seul aupalais,

6495 999 96 149 86

4087 1092 2453 234 y à parlé a plusieurs gens de Robbe et

4106 1274 2411 201 est Revenû diner à son Auberge ou l'on

4087 1471 2481 210 mange a table Ronde alaquelle il y'a

4069 1681 2544 193 souvent 10. et douze personnes à manger,

4066 1889 2563 168 parcequ'il loge beaucoup de monde dans

4054 2104 2578 150 cette auberge. il n'a point sorti l'après —

4091 2297 2529 153 Diner ayant jouë aux cartes vne —

4063 2481 2037 209 bonne partie de l'après Diner.

4135 2917 2513 183 vous voyés Monsieur, qu'il ne Resulte rien

4041 3100 2597 184 d'jnteressant des demarches de ce particulier,

4072 3278 2582 212 et que l'argent que l'on depense a son sujet —

4069 3468 2597 205 est perdû. c'est pourquoy je croirois qu'il

4082 3661 2525 190 couviendroit de cesser ala faire suiuvre.
