8016 5604
6390 916 142 144 67

4851 918 695 143 ce 5. may 1741

4459 1151 2143 122 Boivin notaire est toujours caché. ondit que

4478 1264 2121 130 l'on trouvera sous les scellés aposés chez luy dequoy

4475 1363 2125 159 satisfaire vne partie deses Creanciers ; ce dont —

4487 1506 1096 116 doutent bien des personnes.

4674 1637 1940 146 on dit aussi qu'il à vandu sacharge au —

4481 1755 1249 156 maitre clerc de m. Doyen.

4708 1883 1822 159 que la Dame Berthelin sabelle mere se

4490 2020 2077 143 donne des mouvmens, afin darranger ses affaires

4718 2207 1803 149 Et ses confreres disent quela tête luy

4521 2319 505 124 à tournée.

4742 2484 1829 134 J'ay fait faire la tentative chez les deux

4518 2615 2102 152 procureurs et L'avocat qui sont desa Connoissance ;

4506 2752 2027 149 mars, soit qu'ils fassent mistere de dire

4509 2907 2108 150 quelque chose on soit qu'ils ne sachent rien,

4509 3072 1517 162 la tentative na rien produit.

5926 3135 461 121 renducompte

5839 3231 607 108 ecrit a Mde

5820 3320 730 156 grimbergue. fait
