8028 5628
4884 502 2380 342 Lesieur Godard marchand limonadier,

4909 800 2199 178 Chez lequel le Laquais de Monsieur LeComte

4903 938 2333 150 de Lassuz, a bû de la bierre, auec Vne autre personne

4897 1044 2336 187 en Veste rouge, qui est dragon dans leregiment de

4893 1181 1309 146 monsieur le comte de Lassuz

4909 1291 2362 225 Dit que lemercredy dix de cemois, ledit domestique

4889 1407 2289 215 qui sapelle Legrand vint chéz luy auec ledit —

4898 1524 2341 225 particulier, et demanda ala femme dudit S^r Godard, —

4869 1660 2386 194 Vne bouteille debierre. Quilyauoit dans le fond de

4884 1791 2369 216 sa bouttique vn petit garçon appellé Romain qui —

4909 1947 2262 163 trauailloit a moudre du tabac, que ce domestique

4900 2072 2311 188 ayant bû environ Vne bouteille debierre, s'en fut a

4894 2198 2252 200 cepetit garçon, et luy dit ostetoy de la, : auec des

4843 2330 2382 247 juremens : cenest point comme cela que lon —

4888 2466 2279 160 trauaille, et tuvôle lepain deton maistre, quil

4891 2604 2389 156 lelaissa la, mais qu'vn moment apres Jl recom̃ancea

4898 2710 2327 193 a attaquer cepetit garçon, lepris parlesdeux

4894 2842 2292 175 bras, et le fit fort crier et pleurer, et dit a la femme

4872 2973 2308 166 dudit S^r Godard quelle le Renuoya, sinon quil

4874 3090 2342 188 luy casseroit lesbras et lesJambes, quil ne —

4898 3212 2341 207 Voulloit pasleVeoir deuant sesyeux quelle

4888 3348 2345 216 eût la prudence de le faire sortir parla porte

4884 3498 2313 178 de derriere, et Jl se tint dans larue, que —

4878 3626 2321 197 ledit S^r Godard : qui n'étoit point alors chez Luy :

4872 3780 2439 172 estant rentré, fut averty par sa femme de ceque

4884 3914 2315 181 ce d'onustique nevouloit point Veoir cepetit garçon,

4875 4027 2449 273 et quil neluy dit rien, attenduquil auoit vnepointe

4865 4141 2440 211 de vin danslateste, que ledit S^r Godard rentra —

4874 4305 2389 197 dant sa bouttique, et neluy dit aucune chose, mais

4872 4439 2361 204 cepetit garcon savisa derentrer dans vne petitte

4860 4553 2403 212 suisine ensuitte dela bouttique se croyant rassuré —

4851 4685 2360 234 par lapresence de sonmaitre mais ce domestique
