8028 5604
6426 1162 121 145 350

4175 1366 555 165 Monsieur

4207 2391 2388 171 Jay lhonneur devous rendre compte quil est venu hier

4189 2531 2414 191 au matin chez le s^r philippe vn Etranger en Carosse —

4179 2677 2357 174 deremise et vn autre en fiacre qui y ont restés enuiron

4175 2792 511 115 vne heure.

4198 2886 2396 200 Jl a sorty amidy en fiacre auec des papiers dans sa —

4157 3060 2410 156 main et sen est allé rue du hurepoix dans vn Cabaret

4147 3156 2447 211 ou pend pour enseigne lepalais Royal, ou jl est venu —

4151 3318 2407 172 plusieurs Etrangers tant seculiers qu'eclesiastiques en carosse

4138 3440 2413 190 de remise l'un des quels est lememe quil a rencontré rue

4135 3580 2454 177 quenegaud sans Epée et dont jl est parlé dans le raport —

4122 3711 2420 177 du 31 et ont enuoyé chercher le s^r Ch^er d'astons qui es

4137 3852 2340 168 venu en carosse de remise, et sur les 5 heures le s^r —

4151 3978 2438 201 philippe aforty en fiacre auec vn particulier qui —

4129 4171 2466 165 paroist Etranger qui auoit vn laquais vetu dune redingote
