8016 5604
6432 1043 144 121 76

4101 1039 467 105 en parler a M

4110 1106 271 103 orryau

4087 1153 294 131 1^er trauail

4036 1284 355 145 Mduual

4391 1106 2312 168 J'ay apris de Nouueau, que Le samedy Trois du present

4409 1181 2294 187 mois de Juin sur les 10 heures du matin jl a esté Chez Led —

4415 1273 2286 174 Damoiselles Maquemen Et Berneual, vne femme Connuë

4403 1351 2323 196 Depuis Longtemps pour personne de Debauche qui demeure rue

4391 1438 2242 215 du foüavre, Et Ella y aresté Et ney est sotye qua six —

4403 1584 629 128 heures du soir.

4381 1578 2280 268 Que Le Dimanche 4^e dudit mois Lesd Dam^lles Maquemen Et

4406 1674 2311 243 Berneual, ont passé vne partye dela Matinéé aleur fenestre

4400 1749 2301 277 Et le Monsieur habillé de Verd estoit dans Leur Chambre :

4394 1858 2167 305 jl a sorty deladite maison Et y est rentré, plusieurs fois.

4363 1973 2360 315 Letd Dam^lles N'ont de la Journéé sorty qu'a quatre heures du

4378 2098 2361 302 soir, En sortant Elles ont Entré dans l'Eglise des Cordeliers

4391 2190 2246 313 Comme Les Vespres finissoient, Elles N'ont fait que —

4394 2338 2310 255 Chercher des yeux quelqu'un dans l'Eglise qu'Elles N'ont pas

4406 2468 2314 206 Trouué, Et sont sortyes au mesme Instant sans mesme semettre

4400 2590 2329 187 a genoux ; Ensuitte Elles ont esté dans l'Eglise S^t sulpice

4395 2713 2252 154 ou Elles ont passé sans sy arrester : Elles ont pris par

4381 2802 2305 146 LaRue des fossoyeur dans Laquelle Elles ont heurté a

4378 2892 2330 171 vne porte Cochere Et frapé tres Longtemps sans que personne

4363 2991 2320 153 Leurs ait ouuert, Elles sont allées dela dans le Jardin

4366 3097 2335 156 du Luxembourg, ou Elles se sont promenéés quatre heures

4381 3200 2339 162 de Temps : pendant Lequel Elles ont parlé a deux femmes

4381 3306 2327 159 Enuiron demy heuve, Et apres plusieurs Tour de promenade

4369 3409 2332 161 Elles ont parlé a trois Messieur, Separément Et En differents

4359 3518 2317 143 Interuales, Ledernier Desquls est resté avec Elles assises

4347 3617 2323 153 sur vn banc Enuiron vne heure, Et Lont quitté, Ensuitte

4372 3729 2276 147 Elles ont retourné Chez Elles : d'ou elles Ne Sont —

4375 3838 1436 156 plus ressortyes Ce mesme Jour.

4350 3963 2333 152 Le Lendemain Lundy Cest adire hier Ladite femme

4372 4062 2227 190 de Debauche dela rue dufoüavre dont est parlé
