<?xml version="1.0" encoding="UTF-8"?>
<alto xmlns:xsi="http://www.w3.org/2001/XMLSchema-instance"
      xmlns="http://www.loc.gov/standards/alto/ns-v4#"
      xsi:schemaLocation="http://www.loc.gov/standards/alto/ns-v4# http://www.loc.gov/standards/alto/v4/alto-4-2.xsd">
  <Description>
    <MeasurementUnit>pixel</MeasurementUnit>
    <sourceImageInformation>
      <fileName>btv1b107242400_f39.jpg</fileName>
    </sourceImageInformation>
  </Description>
  <Tags>
    <OtherTag ID="BT8" LABEL="DamageZone" DESCRIPTION="block type DamageZone"/><OtherTag ID="BT9" LABEL="DigitizationArtefactZone" DESCRIPTION="block type DigitizationArtefactZone"/><OtherTag ID="BT12" LABEL="MainZone" DESCRIPTION="block type MainZone"/><OtherTag ID="BT13" LABEL="MarginTextZone" DESCRIPTION="block type MarginTextZone"/><OtherTag ID="BT15" LABEL="NumberingZone" DESCRIPTION="block type NumberingZone"/><OtherTag ID="BT20" LABEL="StampZone" DESCRIPTION="block type StampZone"/>
    <OtherTag ID="LT8" LABEL="DefaultLine" DESCRIPTION="line type DefaultLine"/><OtherTag ID="LT10" LABEL="HeadingLine" DESCRIPTION="line type HeadingLine"/><OtherTag ID="LT11" LABEL="InterlinearLine" DESCRIPTION="line type InterlinearLine"/><OtherTag ID="LT74" LABEL="default" DESCRIPTION="line type default"/>
  </Tags>
  <Layout>
    <Page WIDTH="8028"
          HEIGHT="5628"
          PHYSICAL_IMG_NR="2"
          ID="eSc_dummypage_">
      <PrintSpace HPOS="0"
                  VPOS="0"
                  WIDTH="8028"
                  HEIGHT="5628">
        <TextBlock HPOS="6516"
                   VPOS="940"
                   WIDTH="115"
                   HEIGHT="159"
                   ID="eSc_textblock_71c32e98"
                   TAGREFS="BT15">
          <Shape><Polygon POINTS="6516 940 6516 1099 6631 1099 6631 940"/></Shape>
          <TextLine ID="eSc_line_e7364de8"
                    TAGREFS="LT8"
                    BASELINE="6548 1029 6624 1029" 
                    HPOS="6545"
                    VPOS="953"
                    WIDTH="81"
                    HEIGHT="172">
            <Shape><Polygon POINTS="6545 1116 6615 1125 6620 1027 6626 960 6551 953 6545 1027"/></Shape>
	    <String CONTENT="33"
                    HPOS="6545"
                    VPOS="953"
                    WIDTH="81"
                    HEIGHT="172"
                    WC="0.9970083832740784"></String>
          </TextLine>
        </TextBlock>
        <TextBlock HPOS="4332"
                   VPOS="1099"
                   WIDTH="2356"
                   HEIGHT="3112"
                   ID="eSc_textblock_fb82d44c"
                   TAGREFS="BT12">
          <Shape><Polygon POINTS="4338 1099 4332 4211 6624 4141 6688 1124"/></Shape>
          <TextLine ID="eSc_line_8cf2cad5"
                    TAGREFS="LT10"
                    BASELINE="4437 1225 4960 1210" 
                    HPOS="4434"
                    VPOS="1109"
                    WIDTH="526"
                    HEIGHT="157">
            <Shape><Polygon POINTS="4437 1266 4647 1238 4741 1247 4844 1256 4847 1256 4850 1256 4853 1256 4853 1253 4869 1238 4875 1231 4956 1231 4960 1210 4953 1147 4891 1138 4888 1138 4884 1138 4838 1153 4803 1163 4788 1153 4716 1109 4712 1109 4709 1109 4641 1109 4637 1109 4587 1113 4584 1113 4581 1113 4512 1169 4506 1175 4434 1175 4437 1225"/></Shape>
	    <String CONTENT="Monsieur"
                    HPOS="4434"
                    VPOS="1109"
                    WIDTH="526"
                    HEIGHT="157"></String>
          </TextLine>
          <TextLine ID="eSc_line_ecbd8ea0"
                    TAGREFS="LT8"
                    BASELINE="4363 1654 5213 1647 6626 1675" 
                    HPOS="4354"
                    VPOS="1486"
                    WIDTH="2271"
                    HEIGHT="263">
            <Shape><Polygon POINTS="4358 1650 4354 1721 4640 1725 4654 1721 4743 1679 4823 1711 4837 1711 4931 1674 5334 1674 5372 1707 5564 1683 5691 1711 5714 1711 5832 1683 5902 1721 6076 1707 6263 1749 6620 1702 6625 1674 6615 1519 6404 1594 6282 1594 6230 1552 6207 1552 6169 1580 6127 1552 6108 1552 6038 1585 5625 1585 5452 1524 5438 1524 5334 1580 5245 1580 5133 1575 5029 1496 5029 1491 4940 1491 4860 1547 4804 1491 4799 1491 4799 1486 4358 1486 4358 1650"/></Shape>
	    <String CONTENT="J&#x27;ay L&#x27;honneur de vous rendre Compte"
                    HPOS="4354"
                    VPOS="1486"
                    WIDTH="2271"
                    HEIGHT="263"></String>
          </TextLine>
          <TextLine ID="eSc_line_cd8420c6"
                    TAGREFS="LT8"
                    BASELINE="4389 1813 6567 1844" 
                    HPOS="4382"
                    VPOS="1744"
                    WIDTH="2182"
                    HEIGHT="164">
            <Shape><Polygon POINTS="4387 1810 4382 1871 4645 1847 4682 1880 4687 1880 4687 1885 4706 1885 4720 1880 4752 1861 5062 1880 5194 1885 5250 1861 5311 1894 5320 1894 5592 1861 5710 1899 5719 1899 5864 1866 5935 1904 6066 1880 6104 1876 6137 1880 6249 1908 6559 1880 6564 1843 6559 1782 5940 1749 5757 1768 5724 1768 5635 1744 4387 1744 4387 1810"/></Shape>
	    <String CONTENT="que je me trouvai il y a quelques"
                    HPOS="4382"
                    VPOS="1744"
                    WIDTH="2182"
                    HEIGHT="164"></String>
          </TextLine>
          <TextLine ID="eSc_line_b847269d"
                    TAGREFS="LT8"
                    BASELINE="4397 1982 4928 1976 6673 2007" 
                    HPOS="4397"
                    VPOS="1907"
                    WIDTH="2276"
                    HEIGHT="153">
            <Shape><Polygon POINTS="4397 1982 4397 2026 4641 1991 4719 2019 4722 2019 4725 2019 4728 2019 4731 2019 4759 2001 4806 2004 4853 2029 4859 2032 4863 2032 4866 2032 4869 2032 4875 2029 4938 1997 5016 1997 5050 2019 5053 2019 5056 2019 5060 2019 5063 2019 5113 2001 5185 2001 5228 2022 5232 2022 5235 2022 5375 2004 5501 2022 5504 2022 5623 2007 5682 2029 5685 2029 5688 2029 5766 2013 5816 2032 5860 2051 5863 2051 5866 2054 5995 2054 5995 2051 5998 2051 6001 2051 6023 2035 6035 2026 6198 2026 6214 2035 6267 2057 6270 2057 6273 2060 6367 2060 6367 2057 6370 2057 6420 2035 6429 2032 6667 2035 6673 2007 6673 1960 6514 1957 6473 1929 6470 1929 6467 1929 6464 1929 6314 1951 6289 1954 6017 1951 6010 1944 5973 1922 5970 1922 5967 1922 5963 1922 5795 1941 5760 1944 5754 1941 5719 1919 5716 1919 5713 1919 5710 1919 5623 1938 5607 1941 5598 1938 5547 1916 5544 1916 5541 1916 5460 1929 5435 1913 5432 1913 5429 1913 5426 1913 5257 1916 5254 1916 5225 1932 5216 1935 5191 1929 5103 1910 5100 1910 4997 1926 4953 1932 4897 1926 4772 1907 4769 1907 4766 1907 4737 1922 4725 1929 4397 1916 4397 1982"/></Shape>
	    <String CONTENT="jours dans vn cabaret ou il ay avoit plusieurs"
                    HPOS="4397"
                    VPOS="1907"
                    WIDTH="2276"
                    HEIGHT="153"></String>
          </TextLine>
          <TextLine ID="eSc_line_06f5e2e6"
                    TAGREFS="LT8"
                    BASELINE="4375 2151 6439 2144" 
                    HPOS="4372"
                    VPOS="2051"
                    WIDTH="2067"
                    HEIGHT="162">
            <Shape><Polygon POINTS="4375 2151 4375 2182 4597 2176 4612 2182 4684 2210 4687 2210 4691 2213 4763 2213 4763 2210 4766 2210 4841 2179 4844 2179 4847 2179 4963 2207 5172 2210 5175 2210 5178 2210 5182 2210 5225 2176 5238 2166 5641 2166 5651 2173 5660 2182 5663 2182 5666 2182 5669 2182 5757 2169 5795 2166 5801 2169 5820 2185 5820 2188 5823 2188 5826 2188 5829 2188 5898 2179 5957 2207 5960 2207 5963 2210 6104 2210 6104 2207 6436 2163 6439 2144 6429 2076 6201 2088 6179 2076 6145 2054 6142 2054 6139 2054 5992 2051 5988 2051 5985 2051 5982 2051 5954 2076 5938 2091 5785 2091 5735 2076 5679 2060 5676 2060 5673 2060 5669 2060 5666 2060 5648 2076 5632 2088 5529 2088 5488 2076 5410 2051 5407 2051 5404 2051 5197 2076 5072 2091 4969 2076 4931 2072 4928 2072 4925 2072 4922 2072 4919 2076 4900 2091 4841 2076 4744 2054 4741 2054 4737 2054 4653 2079 4597 2094 4550 2094 4531 2079 4503 2054 4500 2054 4497 2054 4393 2054 4390 2054 4387 2054 4384 2054 4384 2057 4372 2066 4375 2151"/></Shape>
	    <String CONTENT="domestiques, appartenants a differents"
                    HPOS="4372"
                    VPOS="2051"
                    WIDTH="2067"
                    HEIGHT="162"></String>
          </TextLine>
          <TextLine ID="eSc_line_415deca9"
                    TAGREFS="LT8"
                    BASELINE="4375 2282 4716 2279 4906 2298 5325 2304 6630 2285" 
                    HPOS="4372"
                    VPOS="2198"
                    WIDTH="2258"
                    HEIGHT="147">
            <Shape><Polygon POINTS="4375 2282 4375 2329 4662 2323 4687 2326 4775 2345 4778 2345 4781 2345 4784 2345 4806 2326 4813 2319 4834 2326 4884 2338 4888 2338 4891 2338 5013 2323 5066 2316 5078 2323 5110 2338 5113 2338 5335 2341 5338 2341 5341 2341 5344 2341 5366 2326 5532 2338 5535 2338 5538 2338 5619 2316 5626 2313 5632 2313 5679 2338 5682 2338 5685 2338 5816 2335 5820 2335 5870 2313 5876 2310 5885 2310 5992 2335 5995 2335 6170 2307 6182 2307 6192 2307 6282 2332 6286 2332 6289 2332 6630 2301 6630 2285 6623 2235 6408 2229 6348 2198 6345 2198 6342 2198 6339 2198 6251 2229 6179 2201 6176 2201 6173 2201 6170 2201 6167 2201 6126 2232 6120 2238 6010 2241 5826 2241 5813 2229 5773 2201 5770 2201 5766 2201 5688 2201 5685 2201 5682 2201 5679 2201 5644 2229 5626 2241 5488 2235 5482 2229 5463 2213 5460 2213 5457 2213 5454 2213 5451 2213 5422 2226 5375 2204 5372 2204 5369 2204 5254 2223 5103 2207 5100 2207 5097 2207 5056 2226 5016 2248 4916 2229 4913 2229 4822 2248 4781 2226 4753 2210 4750 2210 4747 2210 4603 2213 4600 2213 4597 2213 4597 2216 4584 2226 4575 2235 4544 2226 4515 2216 4512 2216 4509 2216 4372 2223 4375 2282"/></Shape>
	    <String CONTENT="maîtres, vn d&#x27;entreux dit qu&#x27;il servot"
                    HPOS="4372"
                    VPOS="2198"
                    WIDTH="2258"
                    HEIGHT="147"></String>
          </TextLine>
          <TextLine ID="eSc_line_fede9222"
                    TAGREFS="LT8"
                    BASELINE="4368 2413 5426 2432 6623 2423" 
                    HPOS="4365"
                    VPOS="2341"
                    WIDTH="2258"
                    HEIGHT="157">
            <Shape><Polygon POINTS="4368 2413 4365 2457 4409 2488 4412 2488 4415 2488 4418 2491 4469 2491 4469 2488 4472 2488 4475 2488 4522 2451 4540 2438 4891 2445 4903 2451 4928 2463 4931 2463 4935 2463 5060 2454 5085 2470 5088 2470 5091 2470 5094 2470 5097 2470 5128 2454 5150 2441 5178 2454 5222 2470 5225 2470 5228 2470 5307 2454 5363 2441 5407 2454 5466 2473 5469 2473 5472 2473 5476 2473 5519 2460 5563 2491 5566 2491 5569 2491 5698 2495 5701 2495 5704 2495 5801 2454 5832 2445 5860 2457 5917 2476 5920 2476 5923 2476 6020 2466 6060 2495 6064 2495 6067 2495 6070 2498 6226 2498 6226 2495 6229 2495 6232 2495 6286 2460 6620 2460 6623 2423 6620 2379 6104 2348 6101 2348 6098 2348 6095 2348 6073 2370 6057 2382 5851 2382 5832 2363 5829 2363 5826 2363 5823 2363 5791 2363 5547 2376 5516 2360 5494 2345 5491 2345 5488 2345 5432 2345 5429 2345 5426 2345 5400 2357 5388 2363 5366 2357 5338 2348 5335 2348 5332 2348 5285 2354 5172 2379 5003 2379 4769 2348 4766 2348 4763 2348 4759 2348 4756 2348 4728 2366 4684 2345 4675 2341 4672 2341 4669 2341 4634 2345 4506 2360 4368 2341 4368 2413"/></Shape>
	    <String CONTENT="depuis un mois vn Etranger et sa femme—"
                    HPOS="4365"
                    VPOS="2341"
                    WIDTH="2258"
                    HEIGHT="157"></String>
          </TextLine>
          <TextLine ID="eSc_line_4e496abe"
                    TAGREFS="LT8"
                    BASELINE="4375 2554 5382 2573 6614 2560" 
                    HPOS="4375"
                    VPOS="2485"
                    WIDTH="2239"
                    HEIGHT="135">
            <Shape><Polygon POINTS="4375 2554 4378 2617 4506 2582 4734 2601 4737 2601 4903 2582 4941 2607 4944 2607 4947 2607 4950 2607 5069 2585 5116 2610 5119 2610 5122 2610 5125 2610 5128 2610 5132 2610 5163 2588 5291 2607 5357 2617 5360 2617 5419 2607 5454 2601 5519 2604 5676 2617 5679 2617 5751 2604 5832 2585 5876 2601 5920 2617 5923 2617 5926 2620 6073 2620 6073 2617 6076 2617 6114 2598 6117 2598 6142 2610 6145 2610 6148 2610 6151 2610 6154 2610 6173 2598 6192 2588 6608 2592 6614 2560 6611 2513 6548 2495 6545 2495 6542 2495 6539 2495 6536 2495 6514 2513 6508 2520 6326 2520 6304 2513 6251 2498 6248 2498 6245 2498 6092 2510 6029 2516 6020 2510 5976 2485 5973 2485 5970 2485 5735 2485 5732 2485 5729 2485 5726 2485 5694 2510 5685 2520 5485 2520 5472 2510 5457 2498 5454 2498 5451 2498 5269 2485 5266 2485 5097 2510 5047 2516 5028 2510 4981 2491 4978 2491 4975 2491 4972 2491 4969 2491 4941 2510 4925 2520 4838 2520 4828 2510 4800 2485 4797 2485 4794 2485 4678 2485 4675 2485 4672 2485 4669 2485 4641 2510 4631 2516 4587 2510 4500 2495 4497 2495 4375 2507 4375 2554"/></Shape>
	    <String CONTENT="que L&#x27;un et L&#x27;autre ne sortoit jamais et"
                    HPOS="4375"
                    VPOS="2485"
                    WIDTH="2239"
                    HEIGHT="135"></String>
          </TextLine>
          <TextLine ID="eSc_line_31dcb90b"
                    TAGREFS="LT8"
                    BASELINE="4381 2692 5494 2726 6623 2713" 
                    HPOS="4381"
                    VPOS="2613"
                    WIDTH="2242"
                    HEIGHT="175">
            <Shape><Polygon POINTS="4381 2692 4381 2767 4487 2726 4616 2726 4644 2748 4647 2748 4650 2748 4653 2748 4656 2748 4659 2748 4681 2732 4722 2763 4728 2770 4731 2770 4734 2770 4737 2773 4788 2773 4788 2770 4791 2770 4794 2770 4800 2763 4844 2729 5016 2754 5019 2754 5103 2745 5144 2760 5182 2773 5185 2773 5188 2773 5325 2757 5485 2738 5551 2754 5644 2779 5648 2779 5651 2782 5795 2782 5795 2779 5798 2779 5882 2751 5920 2738 5957 2751 5998 2763 6001 2763 6004 2763 6129 2748 6192 2742 6207 2748 6298 2785 6301 2785 6304 2788 6382 2788 6382 2785 6386 2785 6464 2745 6467 2745 6620 2745 6623 2713 6623 2670 6523 2632 6520 2632 6398 2632 6395 2632 6392 2632 6389 2632 6339 2663 6336 2667 6326 2663 6229 2635 6226 2635 6223 2635 6220 2635 6145 2660 6129 2667 6110 2660 6095 2654 6092 2654 6089 2654 6048 2660 5976 2670 5948 2657 5920 2645 5917 2645 5913 2645 5910 2645 5907 2645 5895 2657 5879 2670 5729 2670 5704 2654 5654 2623 5651 2623 5648 2623 5604 2623 5601 2623 5598 2623 5594 2623 5560 2651 5544 2667 5338 2667 5304 2648 5300 2648 5297 2648 5294 2648 5266 2660 5247 2645 5238 2638 5235 2638 5232 2638 5228 2638 5225 2638 5203 2645 5153 2660 5094 2645 5000 2617 4997 2617 4963 2617 4960 2617 4956 2617 4953 2617 4928 2642 4909 2657 4872 2638 4819 2617 4816 2617 4706 2617 4703 2617 4700 2617 4697 2617 4669 2635 4644 2651 4553 2635 4537 2632 4534 2632 4531 2632 4525 2632 4497 2645 4481 2632 4456 2613 4453 2613 4450 2613 4447 2613 4444 2613 4381 2629 4381 2692"/></Shape>
	    <String CONTENT="que Luy domestique Lorsqu&#x27;il avoit affaire"
                    HPOS="4381"
                    VPOS="2613"
                    WIDTH="2242"
                    HEIGHT="175"></String>
          </TextLine>
          <TextLine ID="eSc_line_869cca7e"
                    TAGREFS="LT8"
                    BASELINE="4375 2845 5691 2879 6655 2864" 
                    HPOS="4372"
                    VPOS="2760"
                    WIDTH="2283"
                    HEIGHT="179">
            <Shape><Polygon POINTS="4375 2845 4372 2876 4525 2895 4528 2895 4531 2895 4581 2879 4594 2876 4616 2879 4691 2892 4694 2892 4794 2879 4834 2876 4844 2882 4894 2920 4897 2920 4900 2920 5000 2923 5003 2923 5006 2923 5063 2901 5097 2914 5100 2914 5103 2914 5322 2885 5344 2882 5350 2885 5407 2910 5410 2910 5507 2914 5510 2914 5513 2914 5591 2885 5594 2885 5598 2885 5691 2929 5694 2929 5848 2932 5851 2932 5854 2932 5857 2932 5895 2898 5935 2920 5938 2920 5942 2920 6032 2907 6101 2935 6104 2935 6107 2939 6242 2939 6242 2935 6245 2935 6329 2892 6648 2892 6655 2864 6651 2801 6601 2788 6598 2788 6595 2788 6558 2798 6520 2810 6504 2798 6486 2785 6483 2785 6479 2785 6376 2779 6373 2779 6370 2779 6323 2798 6286 2814 6261 2798 6229 2779 6226 2779 6223 2779 6145 2779 6142 2779 6139 2779 6082 2798 6045 2810 6026 2798 5998 2776 5995 2776 5992 2776 5926 2776 5923 2776 5920 2776 5917 2776 5882 2798 5863 2807 5835 2798 5788 2779 5785 2779 5782 2779 5779 2779 5776 2779 5751 2795 5738 2804 5632 2807 5591 2795 5510 2770 5507 2770 5504 2770 5501 2770 5457 2795 5435 2807 5366 2807 5350 2795 5325 2776 5322 2776 5319 2776 5316 2776 5313 2776 5310 2776 5282 2795 5279 2795 5275 2795 5191 2767 5188 2767 5185 2767 5182 2767 5122 2795 5103 2801 4766 2801 4750 2792 4681 2760 4678 2760 4578 2760 4575 2760 4572 2760 4503 2792 4494 2795 4484 2792 4450 2776 4447 2776 4444 2776 4375 2788 4375 2845"/></Shape>
	    <String CONTENT="a sortir emportoit La clef de L&#x27;appartement"
                    HPOS="4372"
                    VPOS="2760"
                    WIDTH="2283"
                    HEIGHT="179"></String>
          </TextLine>
          <TextLine ID="eSc_line_83cc1d04"
                    TAGREFS="LT8"
                    BASELINE="4365 2989 5719 3032 6583 3023" 
                    HPOS="4362"
                    VPOS="2914"
                    WIDTH="2221"
                    HEIGHT="162">
            <Shape><Polygon POINTS="4365 2989 4362 3045 4478 3054 4481 3054 4484 3054 4500 3048 4553 3017 4684 3017 4719 3042 4722 3042 4725 3042 4728 3042 4809 3029 4875 3048 4900 3054 4903 3054 4906 3054 4941 3048 4975 3042 4985 3048 5010 3067 5013 3067 5016 3067 5166 3070 5169 3070 5344 3048 5463 3035 5488 3051 5526 3070 5529 3070 5532 3070 5535 3070 5591 3051 5623 3039 5635 3051 5666 3076 5669 3076 5673 3076 5676 3076 5795 3061 6007 3073 6010 3073 6013 3073 6064 3051 6073 3048 6170 3048 6176 3051 6195 3067 6195 3070 6198 3070 6201 3070 6204 3070 6304 3051 6317 3051 6576 3051 6583 3023 6580 2976 6529 2948 6526 2948 6523 2948 6520 2948 6492 2960 6392 2945 6389 2945 6386 2945 6382 2945 6339 2973 6326 2979 6317 2973 6267 2942 6264 2942 6261 2942 6257 2942 6254 2942 6251 2942 6210 2970 6198 2979 6110 2979 6067 2967 5907 2935 5904 2935 5901 2935 5813 2964 5795 2970 5782 2964 5726 2932 5723 2932 5719 2932 5716 2932 5657 2960 5657 2964 5363 2964 5354 2957 5297 2923 5294 2923 5291 2923 5288 2923 5128 2954 5119 2954 5094 2935 5091 2935 5088 2935 5085 2935 4963 2945 4928 2917 4925 2917 4922 2917 4844 2914 4841 2914 4838 2914 4744 2948 4737 2948 4681 2948 4440 2935 4422 2917 4418 2917 4415 2917 4412 2917 4409 2917 4365 2935 4365 2989"/></Shape>
	    <String CONTENT="apres L&#x27;avoir fermé a doubletour, Ces deux"
                    HPOS="4362"
                    VPOS="2914"
                    WIDTH="2221"
                    HEIGHT="162"></String>
          </TextLine>
          <TextLine ID="eSc_line_8274d620"
                    TAGREFS="LT8"
                    BASELINE="4353 3173 6436 3198" 
                    HPOS="4353"
                    VPOS="3095"
                    WIDTH="2083"
                    HEIGHT="169">
            <Shape><Polygon POINTS="6436 3120 6236 3117 6232 3117 6229 3117 6164 3145 6095 3114 6092 3114 6089 3114 6085 3114 6073 3114 5907 3142 5835 3120 5832 3120 5829 3120 5826 3120 5823 3120 5798 3139 5626 3139 5601 3117 5598 3117 5594 3117 5591 3117 5507 3136 5485 3117 5482 3117 5479 3117 5476 3117 5316 3126 5207 3104 5200 3104 5144 3104 5141 3104 5138 3104 5135 3104 5097 3129 4675 3126 4565 3098 4562 3098 4428 3120 4356 3095 4353 3173 4356 3232 4409 3192 4465 3192 4628 3195 4650 3217 4653 3217 4656 3217 4659 3220 4794 3220 4794 3217 4797 3217 4872 3195 4963 3220 4966 3220 4969 3220 5113 3198 5169 3245 5172 3248 5175 3248 5178 3248 5182 3251 5260 3251 5260 3248 5263 3248 5266 3248 5269 3245 5316 3207 5441 3217 5479 3248 5482 3251 5485 3251 5488 3251 5491 3254 5576 3254 5576 3251 5579 3251 5582 3251 5648 3214 5685 3251 5688 3251 5688 3254 5691 3254 5694 3254 5698 3257 5832 3257 5832 3254 5835 3254 5841 3254 6010 3211 6073 3239 6076 3239 6079 3239 6082 3239 6139 3214 6189 3245 6192 3245 6195 3245 6198 3245 6276 3229 6348 3261 6351 3261 6354 3264 6433 3264 6436 3198 6436 3120"/></Shape>
	    <String CONTENT="personnes ne voyent qui que ce soit,"
                    HPOS="4353"
                    VPOS="3095"
                    WIDTH="2083"
                    HEIGHT="169"></String>
          </TextLine>
          <TextLine ID="eSc_line_6a412a52"
                    TAGREFS="LT8"
                    BASELINE="4334 3326 5532 3361 6630 3370" 
                    HPOS="4331"
                    VPOS="3232"
                    WIDTH="2299"
                    HEIGHT="188">
            <Shape><Polygon POINTS="4334 3326 4331 3376 4544 3351 4587 3373 4591 3373 4594 3373 4744 3358 4803 3386 4813 3389 4816 3389 4819 3389 4822 3389 4831 3386 4866 3370 4966 3386 4969 3386 4972 3386 5028 3361 5094 3383 5097 3383 5100 3383 5103 3383 5144 3367 5260 3389 5263 3389 5266 3389 5269 3389 5335 3373 5369 3392 5379 3395 5382 3395 5385 3395 5413 3392 5469 3383 5488 3392 5513 3404 5516 3404 5519 3408 5763 3408 5763 3404 5766 3404 5770 3404 5782 3395 5801 3379 5841 3395 5845 3395 5848 3395 5857 3395 5985 3379 6035 3398 6048 3401 6051 3401 6054 3401 6076 3398 6145 3383 6217 3398 6307 3420 6311 3420 6626 3401 6630 3370 6630 3311 6580 3289 6576 3289 6573 3289 6570 3289 6489 3311 6464 3317 6451 3311 6382 3267 6379 3267 6376 3267 6301 3264 6239 3264 6236 3264 6232 3264 6229 3264 6179 3304 6173 3308 6170 3304 6114 3261 6110 3261 6107 3261 6023 3261 6020 3261 6017 3261 5935 3295 5823 3254 5820 3254 5816 3254 5813 3254 5810 3254 5745 3298 5741 3301 5704 3298 5623 3289 5594 3264 5591 3264 5588 3264 5585 3264 5582 3264 5526 3295 5516 3298 5266 3295 5260 3292 5185 3242 5182 3242 5178 3242 5091 3242 5088 3242 5085 3242 5082 3242 5022 3286 5019 3289 4875 3289 4869 3283 4834 3267 4831 3267 4828 3267 4759 3283 4756 3283 4678 3232 4675 3232 4672 3232 4609 3232 4606 3232 4603 3232 4600 3232 4544 3279 4540 3279 4534 3279 4428 3257 4425 3257 4334 3273 4334 3326"/></Shape>
	    <String CONTENT="que des gens de L&#x27;embassadeur de L&#x27;Empire"
                    HPOS="4331"
                    VPOS="3232"
                    WIDTH="2299"
                    HEIGHT="188"></String>
          </TextLine>
          <TextLine ID="eSc_line_51b5fe50"
                    TAGREFS="LT8"
                    BASELINE="4334 3495 5341 3511 5863 3542 6620 3548" 
                    HPOS="4334"
                    VPOS="3417"
                    WIDTH="2286"
                    HEIGHT="235">
            <Shape><Polygon POINTS="4334 3570 4422 3530 4525 3564 4528 3564 4531 3564 4653 3536 4866 3580 4881 3583 4884 3586 5028 3586 5028 3583 5031 3583 5035 3583 5094 3542 5194 3542 5347 3542 5372 3564 5375 3564 5379 3564 5382 3564 5385 3564 5441 3548 5529 3592 5535 3595 5538 3595 5541 3595 5544 3595 5547 3592 5607 3564 5748 3589 5751 3589 5754 3589 5826 3564 5907 3652 5980 3601 5982 3558 6276 3608 6304 3611 6504 3614 6508 3614 6511 3614 6514 3614 6514 3611 6561 3583 6608 3614 6620 3548 6620 3486 6498 3461 6495 3461 6492 3461 6489 3461 6461 3483 6448 3492 6426 3479 6401 3470 6398 3470 6395 3470 6392 3470 6370 3479 6342 3492 6154 3492 6126 3476 6095 3461 6092 3461 6089 3461 6085 3461 6035 3473 5988 3486 5910 3473 5773 3448 5770 3448 5766 3448 5723 3470 5698 3479 5557 3479 5541 3467 5507 3439 5504 3439 5501 3439 5200 3436 5197 3436 5075 3454 4978 3429 4975 3429 4972 3429 4969 3429 4922 3454 4903 3464 4888 3454 4844 3433 4841 3433 4838 3433 4834 3433 4769 3451 4747 3461 4581 3461 4537 3448 4403 3417 4400 3417 4397 3417 4334 3442 4334 3495"/></Shape>
	    <String CONTENT="qui Leurs apporte des Lettres, et Leurs font"
                    HPOS="4334"
                    VPOS="3417"
                    WIDTH="2286"
                    HEIGHT="235"
                    WC="0.9741714827039025"></String>
          </TextLine>
          <TextLine ID="eSc_line_6ef07440"
                    TAGREFS="LT8"
                    BASELINE="4347 3667 4763 3686 5623 3686" 
                    HPOS="4343"
                    VPOS="3589"
                    WIDTH="1280"
                    HEIGHT="156">
            <Shape><Polygon POINTS="4347 3667 4343 3742 4581 3745 4584 3745 4587 3745 4591 3745 4591 3742 4600 3736 4616 3723 4691 3723 4694 3723 4697 3723 4700 3723 4731 3705 4788 3705 4838 3730 4850 3736 4853 3736 4856 3736 4859 3736 4863 3736 4863 3733 4869 3730 4881 3717 4909 3730 4922 3733 4925 3733 4928 3733 4931 3733 4947 3726 4981 3714 5013 3726 5060 3742 5063 3742 5066 3742 5069 3742 5122 3723 5160 3708 5175 3720 5182 3726 5182 3730 5185 3730 5188 3730 5191 3730 5247 3720 5294 3711 5313 3717 5369 3742 5372 3742 5375 3742 5379 3742 5432 3714 5441 3711 5619 3711 5623 3686 5619 3601 5488 3595 5485 3595 5482 3595 5479 3595 5472 3601 5422 3633 5322 3636 5300 3620 5297 3620 5294 3620 5291 3620 5288 3620 5285 3620 5257 3636 5069 3636 5000 3601 4997 3601 4994 3601 4991 3601 4988 3601 4981 3605 4919 3633 4875 3617 4872 3617 4869 3617 4728 3630 4697 3605 4678 3589 4675 3589 4672 3589 4669 3589 4347 3605 4347 3667"/></Shape>
	    <String CONTENT="quelque visite secrete"
                    HPOS="4343"
                    VPOS="3589"
                    WIDTH="1280"
                    HEIGHT="156"></String>
          </TextLine>
          <TextLine ID="eSc_line_b5998045"
                    TAGREFS="LT10"
                    BASELINE="5758 3779 5944 3784 6129 3789 6368 3783" 
                    HPOS="5752"
                    VPOS="3530"
                    WIDTH="615"
                    HEIGHT="489">
            <Shape><Polygon POINTS="5752 4000 5944 4019 5949 4019 5954 4019 5958 4019 6005 3981 6076 3995 6080 3995 6085 3995 6090 3995 6155 3948 6198 3925 6362 3925 6367 3780 6367 3705 6306 3653 6301 3653 6296 3653 6169 3653 6165 3653 6160 3653 6155 3653 6057 3530 5757 3719 5757 3775"/></Shape>
	    <String CONTENT="Poussot"
                    HPOS="5752"
                    VPOS="3530"
                    WIDTH="615"
                    HEIGHT="489"></String>
          </TextLine>
          <TextLine ID="eSc_line_562af6d9"
                    TAGREFS="LT10"
                    BASELINE="4361 4077 5160 4124" 
                    HPOS="4354"
                    VPOS="3981"
                    WIDTH="802"
                    HEIGHT="240">
            <Shape><Polygon POINTS="4354 4136 4668 4136 4752 4178 4837 4221 4842 4221 4846 4221 5147 4216 5156 4122 5151 4028 5072 4038 5025 4024 4978 4005 4973 4005 4968 4005 4907 4019 4856 4028 4799 4014 4691 3981 4687 3981 4682 3981 4677 3981 4598 4005 4579 4009 4358 4000 4358 4075"/></Shape>
	    <String CONTENT="ce 17^e avril 1741."
                    HPOS="4354"
                    VPOS="3981"
                    WIDTH="802"
                    HEIGHT="240"></String>
          </TextLine>
        </TextBlock>
        <TextBlock HPOS="5265"
                   VPOS="1334"
                   WIDTH="216"
                   HEIGHT="184"
                   ID="eSc_textblock_0f26ad38"
                   TAGREFS="BT20">
          <Shape><Polygon POINTS="5265 1334 5265 1518 5481 1518 5481 1334"/></Shape>
        </TextBlock>
      </PrintSpace>
    </Page>
  </Layout>
</alto>
