8028 5628
6418 1055 103 169 49

4969 1081 1054 147 Du Jeudy 4. may 1741.

4551 1219 2013 206 La suedois dont on veut sçavoir les allures, —

4591 1413 1907 144 demeure reellement rue des fossés de M. le

4594 1535 1923 150 prince chez un tapissier, et il est Boiteux.

4791 1688 1776 144 Jl à sorti ce matin 4. may de chez luy pour

4631 1791 1930 138 aller rue des Cordeliers a costé d'un Caffé.

4743 1894 1835 155 dela surle quay du Louvre dans vne —

4612 2022 1961 132 maison qui traverse dans la rue des prêtres

4644 2129 1929 150 s^t Germain de l'auxerois, et ensuitte chez luy,

4606 2266 1933 125 d'ou il est sorti en second lieu pour aller

4607 2363 1975 169 rue des Augustins chez un traiteur au panier —

4600 2507 1936 138 fleury ou mangent beaucoup de personnes

4593 2612 1952 150 assés distinguées. il à resté environ trois

4584 2751 1949 131 heures dans cette maison et est allé dela

4603 2882 488 179 chez luy.

4988 3017 828 203 Du vendredy 5.

4600 3151 1911 160 ensortant de chez luy il à êté aL'hôtel de

4581 3289 1958 137 Luynes garnis rue du Colombier ; dela à

4581 3411 1970 150 L'hôtel de m. de Beljsle ; ensuitte chez le

4591 3542 1569 159 nonce du pape, dela chez luy.

5043 3700 821 225 Du samedy 6.

4609 3917 1899 175 Jl à été en sortant de Chez luy auxJesuistes

4593 4052 1891 169 dela rue pot defer, dela rue du cherche

4591 4186 1960 194 midy chez M. Le Comte d'Aubigny, ensuitte
