8028 5604
6567 1260 118 127 342

4247 1481 533 172 Monsieur

4203 2696 2485 197 Jay lhonneur devous rendre compte que le s^r philippe

4216 2873 2522 171 asorty hier a midy en demis et sen ett allé auluxembourg

4216 3044 2538 131 ou jl sest promené jusqu'a vne heure et paroissoit chercher

4222 3175 2429 159 quelqu'un ayant passé et regardé de Costé et dautres dans

4203 3328 2579 171 toutes les allées cependant jl en a sorty sans parler apersonne

4221 3507 2541 163 ce qui peut donner lieu de Croire que son rendé vous a —

4188 3695 2569 137 amanqué et sen est allé rue de tournon alhotel d'Entragues

4182 3854 2559 178 ou jt na parlé qu'au portier et dela est allé rue dauphine

4175 4041 2476 183 al'hotel despagne ou jl a reste enuiron vn quart d'heur

4188 4246 2513 178 et s'en est allé par le quay de Conty jusqu'a la rue de
