<?xml version="1.0" encoding="UTF-8"?>
<alto xmlns:xsi="http://www.w3.org/2001/XMLSchema-instance"
      xmlns="http://www.loc.gov/standards/alto/ns-v4#"
      xsi:schemaLocation="http://www.loc.gov/standards/alto/ns-v4# http://www.loc.gov/standards/alto/v4/alto-4-2.xsd">
  <Description>
    <MeasurementUnit>pixel</MeasurementUnit>
    <sourceImageInformation>
      <fileName>btv1b107242400_f40.jpg</fileName>
    </sourceImageInformation>
  </Description>
  <Tags>
    <OtherTag ID="BT8" LABEL="DamageZone" DESCRIPTION="block type DamageZone"/><OtherTag ID="BT9" LABEL="DigitizationArtefactZone" DESCRIPTION="block type DigitizationArtefactZone"/><OtherTag ID="BT12" LABEL="MainZone" DESCRIPTION="block type MainZone"/><OtherTag ID="BT13" LABEL="MarginTextZone" DESCRIPTION="block type MarginTextZone"/><OtherTag ID="BT15" LABEL="NumberingZone" DESCRIPTION="block type NumberingZone"/><OtherTag ID="BT20" LABEL="StampZone" DESCRIPTION="block type StampZone"/>
    <OtherTag ID="LT8" LABEL="DefaultLine" DESCRIPTION="line type DefaultLine"/><OtherTag ID="LT10" LABEL="HeadingLine" DESCRIPTION="line type HeadingLine"/><OtherTag ID="LT11" LABEL="InterlinearLine" DESCRIPTION="line type InterlinearLine"/><OtherTag ID="LT74" LABEL="default" DESCRIPTION="line type default"/>
  </Tags>
  <Layout>
    <Page WIDTH="8028"
          HEIGHT="5628"
          PHYSICAL_IMG_NR="3"
          ID="eSc_dummypage_">
      <PrintSpace HPOS="0"
                  VPOS="0"
                  WIDTH="8028"
                  HEIGHT="5628">
        <TextBlock HPOS="6504"
                   VPOS="991"
                   WIDTH="139"
                   HEIGHT="191"
                   ID="eSc_textblock_b55ff58b"
                   TAGREFS="BT15">
          <Shape><Polygon POINTS="6504 991 6504 1182 6643 1181 6643 991"/></Shape>
          <TextLine ID="eSc_line_fb0ddeb0"
                    TAGREFS="LT8"
                    BASELINE="6529 1080 6631 1080" 
                    HPOS="6526"
                    VPOS="998"
                    WIDTH="103"
                    HEIGHT="183">
            <Shape><Polygon POINTS="6526 1181 6629 1181 6629 1078 6629 1002 6532 998 6526 1078"/></Shape>
	    <String CONTENT="34"
                    HPOS="6526"
                    VPOS="998"
                    WIDTH="103"
                    HEIGHT="183"
                    WC="0.9990882575511932"></String>
          </TextLine>
        </TextBlock>
        <TextBlock HPOS="4230"
                   VPOS="1080"
                   WIDTH="2477"
                   HEIGHT="3149"
                   ID="eSc_textblock_4f8356c9"
                   TAGREFS="BT12">
          <Shape><Polygon POINTS="4351 1080 4230 4229 6694 4141 6707 1264"/></Shape>
          <TextLine ID="eSc_line_24209ddd"
                    TAGREFS="LT10"
                    BASELINE="4453 1241 4966 1225" 
                    HPOS="4450"
                    VPOS="1128"
                    WIDTH="516"
                    HEIGHT="147">
            <Shape><Polygon POINTS="4453 1275 4569 1256 4712 1260 4925 1266 4928 1266 4931 1266 4935 1266 4966 1244 4966 1225 4956 1159 4803 1181 4781 1169 4700 1128 4697 1128 4694 1128 4597 1131 4594 1131 4591 1131 4519 1188 4512 1194 4450 1194 4453 1241"/></Shape>
	    <String CONTENT="Monsieur"
                    HPOS="4450"
                    VPOS="1128"
                    WIDTH="516"
                    HEIGHT="147"></String>
          </TextLine>
          <TextLine ID="eSc_line_272a75e7"
                    TAGREFS="LT8"
                    BASELINE="4378 1632 6647 1647" 
                    HPOS="4372"
                    VPOS="1510"
                    WIDTH="2271"
                    HEIGHT="211">
            <Shape><Polygon POINTS="4377 1627 4372 1688 4555 1664 4785 1688 4879 1655 4926 1688 4945 1707 5198 1711 5287 1674 5550 1716 5564 1716 5564 1711 5592 1683 5606 1674 5667 1693 5682 1693 5775 1664 5836 1693 6174 1683 6259 1721 6277 1721 6338 1669 6634 1674 6643 1646 6643 1566 6554 1538 6535 1538 6484 1575 6352 1575 6301 1528 6184 1528 6184 1533 6137 1571 5925 1571 5869 1524 5850 1524 5742 1566 5569 1533 5541 1538 5470 1561 5433 1528 5409 1528 5372 1557 5339 1538 5330 1538 5217 1561 5170 1524 5151 1524 5137 1528 5081 1552 4950 1514 4931 1514 4874 1561 4804 1561 4710 1514 4377 1510 4377 1627"/></Shape>
	    <String CONTENT="Le sieur de Quatrebourg a été mardy a —"
                    HPOS="4372"
                    VPOS="1510"
                    WIDTH="2271"
                    HEIGHT="211"></String>
          </TextLine>
          <TextLine ID="eSc_line_557f9403"
                    TAGREFS="LT8"
                    BASELINE="4425 1782 6573 1794" 
                    HPOS="4351"
                    VPOS="1658"
                    WIDTH="2222"
                    HEIGHT="186">
            <Shape><Polygon POINTS="4422 1819 4497 1835 4500 1835 4503 1835 4506 1835 4528 1819 4553 1804 4606 1819 4609 1819 4612 1819 4619 1819 4691 1804 4716 1819 4737 1835 4741 1835 4744 1835 4747 1835 4750 1835 4753 1835 4772 1819 4797 1804 4891 1819 4963 1829 4966 1829 4969 1829 4972 1829 4988 1819 4994 1813 5047 1819 5125 1825 5128 1825 5200 1816 5288 1807 5366 1810 5372 1816 5400 1838 5404 1838 5407 1838 5607 1841 5610 1841 5763 1816 5791 1810 5798 1816 5826 1838 5826 1841 5829 1841 5832 1841 5835 1841 5926 1822 6067 1844 6070 1844 6073 1844 6151 1819 6317 1841 6320 1841 6323 1841 6326 1841 6361 1819 6451 1832 6454 1832 6570 1810 6573 1794 6570 1754 6470 1750 6429 1713 6426 1713 6423 1713 6420 1713 6245 1719 6242 1719 6179 1741 6167 1747 6154 1741 6104 1716 6101 1716 6098 1716 6001 1722 5998 1722 5995 1722 5973 1738 5960 1747 5760 1747 5738 1732 5723 1716 5719 1716 5716 1716 5713 1716 5710 1716 5707 1716 5688 1732 5663 1750 5507 1750 5426 1732 5422 1732 5275 1744 5228 1719 5216 1713 5213 1713 5210 1713 5207 1713 5191 1719 5110 1744 5082 1719 5078 1719 5075 1719 5072 1719 4966 1738 4900 1713 4897 1713 4894 1713 4891 1713 4831 1744 4759 1744 4687 1707 4684 1707 4681 1707 4678 1707 4647 1719 4499 1658 4351 1808"/></Shape>
	    <String CONTENT="L&#x27;opera, mercredi et jeudi javillier L&#x27;aîné"
                    HPOS="4351"
                    VPOS="1658"
                    WIDTH="2222"
                    HEIGHT="186"></String>
          </TextLine>
          <TextLine ID="eSc_line_279b80ed"
                    TAGREFS="LT8"
                    BASELINE="4381 1894 6689 1947" 
                    HPOS="4378"
                    VPOS="1819"
                    WIDTH="2311"
                    HEIGHT="169">
            <Shape><Polygon POINTS="4381 1894 4378 1922 4512 1922 4556 1932 4600 1941 4603 1941 4641 1935 4703 1919 4819 1938 4828 1938 4831 1938 4838 1938 4909 1922 4931 1941 4935 1944 4938 1944 4941 1944 4944 1944 4966 1941 5025 1932 5113 1944 5138 1947 5141 1947 5144 1947 5150 1947 5194 1929 5247 1947 5285 1963 5288 1963 5416 1966 5419 1966 5422 1966 5426 1966 5444 1954 5451 1947 5457 1954 5476 1969 5479 1969 5482 1969 5604 1972 5607 1972 5685 1960 5738 1951 5832 1963 5935 1976 5938 1976 5942 1976 5945 1976 5957 1966 5982 1947 6038 1966 6064 1976 6067 1976 6070 1976 6073 1976 6089 1969 6126 1951 6220 1972 6242 1976 6245 1976 6248 1976 6254 1972 6292 1957 6414 1957 6467 1976 6470 1976 6473 1976 6476 1976 6511 1963 6533 1979 6542 1988 6545 1988 6548 1988 6551 1988 6686 1982 6689 1947 6686 1866 6555 1897 6433 1863 6420 1860 6417 1860 6414 1860 6382 1863 6148 1888 6082 1863 6079 1863 6076 1863 6073 1863 6010 1882 5935 1857 5929 1857 5926 1857 5923 1857 5920 1857 5917 1857 5863 1879 5482 1876 5441 1854 5410 1838 5407 1838 5332 1835 5329 1835 5325 1835 5285 1850 5247 1866 5128 1866 5088 1850 5028 1829 5025 1829 5022 1829 4903 1847 4900 1847 4875 1825 4872 1825 4869 1825 4797 1825 4794 1825 4791 1825 4750 1847 4734 1854 4712 1847 4641 1819 4637 1819 4634 1819 4631 1819 4565 1844 4381 1844 4381 1894"/></Shape>
	    <String CONTENT="maître de danse Luy a fait visite, on dit qu&#x27;il"
                    HPOS="4378"
                    VPOS="1819"
                    WIDTH="2311"
                    HEIGHT="169"></String>
          </TextLine>
          <TextLine ID="eSc_line_0b8b8d3b"
                    TAGREFS="LT8"
                    BASELINE="4400 2016 5341 2035 5388 2038 6647 2069" 
                    HPOS="4391"
                    VPOS="1946"
                    WIDTH="2252"
                    HEIGHT="178">
            <Shape><Polygon POINTS="4396 2012 4391 2035 4537 2077 4555 2077 4555 2072 4588 2044 4696 2077 4710 2077 4804 2049 4818 2049 4935 2077 5067 2054 5142 2101 5269 2105 5278 2105 5367 2068 5386 2063 5391 2072 5419 2096 5419 2101 5766 2072 5803 2087 5911 2119 5916 2124 6146 2124 6146 2119 6155 2119 6155 2115 6188 2082 6226 2101 6273 2119 6639 2110 6643 2068 6643 2002 5663 1955 5531 1974 5494 1974 5226 1946 4396 1946 4396 2012"/></Shape>
	    <String CONTENT="vât souvent chez ce M^r et qu&#x27;il et Le —"
                    HPOS="4391"
                    VPOS="1946"
                    WIDTH="2252"
                    HEIGHT="178"></String>
          </TextLine>
          <TextLine ID="eSc_line_539fc6b4"
                    TAGREFS="LT8"
                    BASELINE="4381 2148 4828 2151 5888 2191 6645 2198" 
                    HPOS="4381"
                    VPOS="2063"
                    WIDTH="2264"
                    HEIGHT="172">
            <Shape><Polygon POINTS="4381 2148 4381 2185 4953 2182 4997 2201 5000 2201 5003 2201 5006 2201 5047 2201 5304 2191 5329 2207 5332 2210 5335 2210 5338 2210 5341 2210 5460 2210 5776 2204 5863 2216 5920 2226 6117 2229 6120 2229 6123 2229 6139 2223 6164 2213 6226 2226 6282 2235 6286 2235 6642 2232 6645 2198 6645 2154 6526 2116 6523 2116 6520 2116 6517 2116 6429 2148 6426 2148 6317 2148 6314 2144 6276 2110 6273 2110 6270 2110 6267 2110 6264 2110 6204 2141 6201 2141 6085 2119 6082 2119 5954 2123 5932 2104 5932 2101 5929 2101 5926 2101 5923 2101 5698 2129 5694 2129 5644 2094 5641 2094 5638 2094 5635 2094 5632 2094 5554 2113 5529 2091 5526 2091 5522 2091 5444 2088 5441 2088 5438 2088 5375 2119 5241 2119 5088 2116 5088 2113 5069 2097 5066 2097 5063 2097 5060 2097 4988 2110 4953 2094 4950 2094 4947 2094 4844 2107 4841 2107 4603 2066 4600 2066 4597 2066 4556 2088 4484 2063 4481 2063 4478 2063 4475 2063 4381 2094 4381 2148"/></Shape>
	    <String CONTENT="seul qui ait La Liberté d&#x27;entrer dans son —"
                    HPOS="4381"
                    VPOS="2063"
                    WIDTH="2264"
                    HEIGHT="172"></String>
          </TextLine>
          <TextLine ID="eSc_line_2a228ee1"
                    TAGREFS="LT8"
                    BASELINE="4378 2285 5197 2313 6660 2329" 
                    HPOS="4372"
                    VPOS="2208"
                    WIDTH="2285"
                    HEIGHT="174">
            <Shape><Polygon POINTS="4377 2284 4372 2354 4537 2359 4541 2359 4546 2359 4551 2354 4602 2330 5386 2354 6169 2382 6174 2382 6179 2382 6230 2359 6653 2359 6657 2326 6653 2260 6306 2260 6301 2251 6282 2237 6282 2232 6277 2232 6273 2232 6268 2232 6263 2232 6202 2251 6184 2255 5757 2255 5742 2246 5691 2223 5686 2223 5682 2223 5480 2241 5456 2241 5442 2241 5358 2218 5353 2218 5348 2218 5240 2237 5212 2241 5203 2237 5156 2213 5151 2213 5147 2213 5020 2232 4996 2237 4954 2232 4738 2208 4734 2208 4377 2223 4377 2284"/></Shape>
	    <String CONTENT="appartement ses domestiques mêmes n&#x27;en —"
                    HPOS="4372"
                    VPOS="2208"
                    WIDTH="2285"
                    HEIGHT="174"></String>
          </TextLine>
          <TextLine ID="eSc_line_fc87dd0a"
                    TAGREFS="LT8"
                    BASELINE="4359 2435 4778 2435 5610 2476 6642 2504" 
                    HPOS="4356"
                    VPOS="2351"
                    WIDTH="2286"
                    HEIGHT="197">
            <Shape><Polygon POINTS="4359 2435 4356 2466 4522 2460 4540 2476 4562 2495 4565 2495 4569 2495 4625 2498 4628 2498 4631 2498 4687 2479 4731 2466 4834 2482 4875 2488 4878 2488 4881 2488 4897 2485 4935 2473 4960 2485 5003 2510 5006 2510 5010 2513 5075 2513 5075 2510 5078 2510 5116 2488 5138 2479 5213 2491 5332 2513 5335 2513 5419 2498 5451 2491 5460 2498 5497 2526 5501 2526 5504 2526 5507 2526 5510 2526 5594 2501 5604 2501 5613 2501 5776 2535 5779 2535 5920 2510 5954 2504 5979 2510 6073 2545 6076 2545 6160 2548 6164 2548 6167 2548 6229 2516 6236 2513 6239 2516 6267 2541 6270 2541 6273 2541 6276 2541 6348 2529 6429 2548 6433 2548 6436 2548 6639 2526 6642 2504 6642 2448 6070 2441 6045 2429 5970 2398 5967 2398 5851 2395 5848 2395 5845 2395 5795 2413 5760 2391 5757 2391 5754 2391 5751 2391 5748 2391 5745 2391 5704 2420 5688 2426 5588 2426 5538 2413 5422 2388 5419 2388 5416 2388 5363 2407 5360 2407 5357 2407 5203 2385 5200 2385 5119 2398 5075 2370 5072 2370 5069 2370 4913 2363 4909 2363 4906 2363 4903 2363 4866 2391 4859 2398 4841 2391 4734 2360 4731 2360 4728 2360 4725 2360 4644 2385 4628 2391 4609 2385 4522 2351 4519 2351 4515 2351 4359 2376 4359 2435"/></Shape>
	    <String CONTENT="n&#x27;ont pas La permission, il fait Luy même"
                    HPOS="4356"
                    VPOS="2351"
                    WIDTH="2286"
                    HEIGHT="197"></String>
          </TextLine>
          <TextLine ID="eSc_line_8ac37188"
                    TAGREFS="LT8"
                    BASELINE="4362 2582 4722 2579 4969 2607 6664 2663" 
                    HPOS="4359"
                    VPOS="2491"
                    WIDTH="2305"
                    HEIGHT="204">
            <Shape><Polygon POINTS="4362 2582 4359 2610 6658 2695 6664 2663 6664 2610 6361 2601 6357 2598 6295 2566 6292 2566 6289 2566 6286 2566 6232 2595 6229 2595 6117 2570 6114 2570 6110 2570 6107 2570 6076 2588 6073 2588 5851 2585 5848 2582 5776 2545 5773 2545 5770 2545 5766 2545 5688 2573 5632 2554 5629 2554 5626 2554 5569 2566 5529 2532 5529 2529 5526 2529 5522 2529 5519 2529 5404 2545 5354 2520 5350 2520 5247 2516 5244 2516 5241 2516 5163 2560 5103 2520 5100 2520 5097 2520 4922 2507 4919 2507 4916 2507 4847 2545 4791 2501 4788 2501 4784 2501 4672 2498 4669 2498 4666 2498 4591 2523 4500 2491 4497 2491 4494 2491 4490 2491 4362 2529 4362 2582"/></Shape>
	    <String CONTENT="son Lit frotte sa chambre a coucher mêts"
                    HPOS="4359"
                    VPOS="2491"
                    WIDTH="2305"
                    HEIGHT="204"></String>
          </TextLine>
          <TextLine ID="eSc_line_468256ee"
                    TAGREFS="LT8"
                    BASELINE="4350 2723 4881 2732 5182 2757 6123 2795 6692 2792" 
                    HPOS="4347"
                    VPOS="2657"
                    WIDTH="2345"
                    HEIGHT="182">
            <Shape><Polygon POINTS="4350 2723 4347 2757 5044 2770 5053 2776 5085 2792 5088 2792 5091 2792 5094 2792 5132 2779 5144 2776 5153 2779 5210 2798 5213 2798 5216 2798 5219 2798 5263 2782 5266 2782 5282 2782 5547 2807 5551 2807 5554 2807 5604 2792 5723 2814 5726 2814 5913 2798 5929 2798 5932 2798 5957 2820 5960 2820 5963 2820 6586 2839 6589 2839 6689 2817 6692 2792 6683 2735 6489 2742 6461 2726 6436 2713 6433 2713 6429 2713 6426 2713 6404 2726 6379 2738 6329 2723 6286 2710 6282 2710 6279 2710 6229 2720 6167 2732 6060 2713 6045 2713 6042 2713 6032 2713 5951 2726 5838 2707 5735 2692 5732 2692 5729 2692 5701 2704 5666 2717 5585 2701 5569 2698 5566 2698 5563 2698 5560 2698 5522 2713 5438 2707 5426 2695 5413 2685 5413 2682 5410 2682 5407 2682 5404 2682 5400 2682 5375 2695 5354 2707 5216 2707 5182 2688 5160 2676 5157 2676 5153 2676 5150 2676 5125 2685 5091 2701 4997 2701 4978 2682 4966 2673 4966 2670 4963 2670 4960 2670 4956 2670 4850 2676 4778 2682 4731 2673 4662 2660 4659 2660 4600 2670 4559 2676 4534 2667 4506 2657 4503 2657 4500 2657 4350 2660 4350 2723"/></Shape>
	    <String CONTENT="son couvert et reçoit dans un antichambre"
                    HPOS="4347"
                    VPOS="2657"
                    WIDTH="2345"
                    HEIGHT="182"></String>
          </TextLine>
          <TextLine ID="eSc_line_38867b84"
                    TAGREFS="LT8"
                    BASELINE="4365 2873 6422 2929 6392 2929 6511 2932" 
                    HPOS="4363"
                    VPOS="2776"
                    WIDTH="2144"
                    HEIGHT="216">
            <Shape><Polygon POINTS="4363 2870 4363 2926 4396 2907 4443 2950 4443 2954 4452 2954 4457 2959 4570 2959 4570 2954 4649 2917 4842 2917 4940 2926 4945 2935 4978 2964 4978 2968 4996 2968 5072 2931 5128 2973 5470 2931 5527 2978 5527 2982 5541 2982 5766 2940 5803 2945 5972 2982 6141 2954 6179 2982 6179 2987 6198 2987 6273 2954 6390 2992 6404 2992 6503 2954 6507 2931 6507 2846 5663 2846 5480 2804 5470 2804 5386 2832 5142 2832 4968 2790 4809 2818 4738 2785 4654 2790 4480 2809 4438 2776 4424 2776 4363 2781 4363 2870"/></Shape>
	    <String CONTENT="ce qu&#x27;on Luy apporte pour manger il"
                    HPOS="4363"
                    VPOS="2776"
                    WIDTH="2144"
                    HEIGHT="216"></String>
          </TextLine>
          <TextLine ID="eSc_line_dca14ddf"
                    TAGREFS="LT8"
                    BASELINE="4310 3048 6595 3089" 
                    HPOS="4302"
                    VPOS="2954"
                    WIDTH="2290"
                    HEIGHT="188">
            <Shape><Polygon POINTS="4307 3043 4302 3095 4546 3081 4570 3100 4570 3104 5362 3100 5419 3123 5545 3100 5564 3123 5569 3123 5569 3128 5789 3109 5832 3109 6080 3137 6381 3118 6404 3137 6404 3142 6418 3142 6587 3114 6592 3086 6592 3025 6474 2996 6071 3010 6052 2987 6047 2987 6047 2982 6029 2982 5935 3006 5564 3006 5527 2973 5513 2973 5395 2996 5048 2964 4856 2982 4799 2959 4555 2982 4354 2954 4307 2973 4307 3043"/></Shape>
	    <String CONTENT="paye exactement et genereusement, on"
                    HPOS="4302"
                    VPOS="2954"
                    WIDTH="2290"
                    HEIGHT="188"></String>
          </TextLine>
          <TextLine ID="eSc_line_8592ec6c"
                    TAGREFS="LT8"
                    BASELINE="4331 3198 5741 3239 6667 3232" 
                    HPOS="4328"
                    VPOS="3129"
                    WIDTH="2339"
                    HEIGHT="197">
            <Shape><Polygon POINTS="4331 3198 4328 3242 4487 3292 4490 3292 4494 3295 4578 3295 4578 3292 4581 3292 4584 3292 4650 3251 4841 3251 4935 3301 4938 3301 4941 3304 5025 3304 5025 3301 5028 3301 5097 3270 5132 3298 5135 3298 5138 3298 5288 3308 5291 3308 5294 3308 5360 3273 5613 3267 5616 3267 5619 3267 5976 3320 5979 3320 5982 3320 6148 3279 6345 3289 6423 3326 6426 3326 6429 3326 6664 3283 6667 3232 6664 3179 6401 3173 6398 3173 6395 3173 6332 3192 6182 3167 6151 3164 6148 3164 6145 3164 6139 3167 6101 3189 5970 3189 5810 3161 5773 3154 5770 3154 5748 3157 5660 3179 5616 3154 5607 3151 5604 3151 5601 3151 5598 3151 5594 3151 5591 3154 5563 3176 5482 3176 5447 3151 5444 3148 5441 3148 5438 3148 5435 3148 5432 3148 5422 3151 5369 3173 5294 3157 5291 3157 5169 3170 5110 3148 5107 3148 5103 3148 5100 3148 5097 3148 5063 3170 4960 3170 4891 3167 4856 3139 4853 3139 4850 3139 4847 3139 4841 3139 4741 3161 4694 3142 4691 3142 4687 3142 4547 3157 4475 3132 4472 3132 4331 3129 4331 3198"/></Shape>
	    <String CONTENT="dit qu&#x27;il a pour plus de ⟦....⟧ quatrevingt"
                    HPOS="4328"
                    VPOS="3129"
                    WIDTH="2339"
                    HEIGHT="197"></String>
          </TextLine>
          <TextLine ID="eSc_line_e3634bcf"
                    TAGREFS="LT8"
                    BASELINE="4325 3367 5710 3395" 
                    HPOS="4322"
                    VPOS="3286"
                    WIDTH="1388"
                    HEIGHT="254">
            <Shape><Polygon POINTS="4322 3411 4487 3426 4490 3426 4494 3426 4497 3426 4497 3423 4509 3414 4528 3398 4575 3398 4594 3414 4606 3423 4606 3426 4609 3426 4612 3426 4616 3429 4684 3429 4684 3426 4687 3426 4691 3426 4706 3414 4716 3408 4737 3414 4769 3423 4772 3423 4775 3423 4778 3423 4781 3423 4794 3414 4809 3404 4844 3414 4872 3423 4875 3423 4878 3423 4938 3414 4991 3408 5003 3414 5088 3470 5091 3470 5177 3540 5272 3473 5275 3473 5279 3473 5282 3473 5307 3454 5363 3461 5366 3461 5369 3461 5372 3461 5372 3458 5397 3436 5476 3476 5479 3476 5482 3479 5541 3479 5541 3476 5544 3476 5547 3476 5601 3429 5707 3417 5710 3395 5710 3342 5566 3342 5563 3339 5522 3304 5519 3304 5516 3304 5463 3304 5460 3304 5457 3304 5454 3304 5413 3336 5410 3336 5404 3336 5347 3317 5344 3317 5341 3317 5338 3317 5279 3333 5269 3333 5260 3333 5094 3295 5091 3295 5088 3295 5085 3295 5038 3326 5035 3326 4994 3326 4884 3323 4788 3289 4784 3289 4781 3289 4706 3292 4703 3292 4700 3292 4662 3320 4591 3286 4587 3286 4584 3286 4581 3286 4500 3317 4494 3317 4487 3317 4406 3295 4403 3295 4400 3295 4325 3311 4325 3367"/></Shape>
	    <String CONTENT="mille Livres d&#x27;argenterie"
                    HPOS="4322"
                    VPOS="3286"
                    WIDTH="1388"
                    HEIGHT="254"></String>
          </TextLine>
          <TextLine ID="eSc_line_6504368c"
                    TAGREFS="LT10"
                    BASELINE="5760 3461 6355 3479" 
                    HPOS="5747"
                    VPOS="3292"
                    WIDTH="605"
                    HEIGHT="422">
            <Shape><Polygon POINTS="5747 3705 5949 3714 5954 3714 5958 3714 5963 3714 6005 3676 6024 3662 6343 3639 6352 3475 6352 3386 6062 3292 6057 3292 6052 3292 5757 3362 5757 3456"/></Shape>
	    <String CONTENT="Poussot"
                    HPOS="5747"
                    VPOS="3292"
                    WIDTH="605"
                    HEIGHT="422"></String>
          </TextLine>
          <TextLine ID="eSc_line_4fb5044b"
                    TAGREFS="LT10"
                    BASELINE="4349 4102 5219 4108" 
                    HPOS="4340"
                    VPOS="3991"
                    WIDTH="877"
                    HEIGHT="187">
            <Shape><Polygon POINTS="4494 4141 4551 4169 4565 4174 4570 4174 4574 4178 4762 4178 4762 4174 4767 4174 4771 4174 4771 4169 4781 4164 4809 4141 4964 4160 5072 4174 5076 4174 5212 4155 5217 4103 5217 4019 5151 3991 5147 3991 5142 3991 5137 3991 5048 4019 5039 4019 4978 4014 4701 3991 4696 3991 4691 3991 4687 3991 4668 4005 4640 4024 4401 4024 4349 3995 4344 4099 4340 4164"/></Shape>
	    <String CONTENT="ce 22^e avril 1741."
                    HPOS="4340"
                    VPOS="3991"
                    WIDTH="877"
                    HEIGHT="187"></String>
          </TextLine>
        </TextBlock>
        <TextBlock HPOS="5284"
                   VPOS="1359"
                   WIDTH="216"
                   HEIGHT="184"
                   ID="eSc_textblock_a63ddb40"
                   TAGREFS="BT20">
          <Shape><Polygon POINTS="5291 1359 5284 1543 5500 1537 5500 1366"/></Shape>
        </TextBlock>
      </PrintSpace>
    </Page>
  </Layout>
</alto>
