8028 5604
6312 993 165 109 252

4605 1067 1196 150 raport de chantilly

4334 1260 2205 147 Les domestiques de Monsieur delemmson

4312 1422 2187 159 chargé des affaires d'Angleterre disent

4296 1601 2195 168 que des gens nouvellement arrivés —

4312 1783 2202 156 d'holande ont dit a Leurs maître que

4328 1967 2108 159 400. hommes vetus. ala françoise ont

4325 2135 2186 140 entrés armés dans vn vilage de la —

4303 2300 2149 150 holande ils ont voles et tues La plus

4312 2471 2118 134 grande partie des habitans et ont

4297 2649 2167 131 mis Le feu a toutes les maison on en

4300 2798 2180 162 a attrapé quelques uns qui se disent

4294 2970 2152 143 françois cependant on reconnois a Leurs

4278 3141 1479 159 accents qu'il sont Anglois

4288 3303 2154 134 Monsieur de lemmeson a resté de puis —

4273 3451 2162 210 Le 5^e 8^bre jusqu'au sept enfermé dans —

4244 3645 2086 165 son cabinet ou il a Ecrit jour et

4249 3801 1999 191 nuit on dit qu'il à quatres —
