8016 5604
1541 1344 2339 147 la Dame domarinier le comte domarnier est

1541 1457 2471 186 reuenu Depuis quelques jours a Paris et y a changé

1560 1594 2416 149 de nom et a Pris celuy de Brousca il Loge

1550 1693 2324 175 a L'hotel de Picardie rüe jean Pain Molet

1550 1790 2436 202 il et uenu trouué sa femme et Luy a Proposé

1553 1905 2411 208 de Lemmener auec Luy dans le Pays Etranger

1563 2029 2376 206 cette femme qui a des Preuues par ecrit du

1566 2157 2404 215 Jour que son mari Luy Propose craint auec

1560 2257 2410 208 Raison de Luy seruir de troisieme victime

1563 2375 2416 233 ayant fait Perir ses deux Precedentes femmes

1569 2489 2443 224 La Preuue en resulte dun arrest du Parlement

1594 2627 2379 199 qui a Casse une Donation qui Luy auoit esté

1588 2733 2401 209 faite par la seconde femme sur la Preuue

1588 2867 2395 202 des mauvais traitements qui Luy auoient causées

1597 3026 509 154 la mort

1600 3057 2348 215 sur le refus de sa femme de le suiure il

1600 3200 2311 174 a ecrit a Monsieur le Cardinal pour

1575 3281 2386 215 Luy Demander Dordonner que sa femme

1597 3384 2389 211 le suive comme cette lettre Pouroit estre

1585 3511 2282 175 renuoyéé a M^r de Maruille par une

1591 3605 2376 193 suite de la cognoissance que  M^r herault

1597 3714 2336 190 a eu de cette affaire et est a Propos quil

1582 3816 2394 209 soit Jnstruit du Caractere de cet Italien

1585 3922 2261 212 dont la Profession a ete tout sa vie de

1578 4056 2333 203 seruir Despions dans toutes les Cours et quï

1569 4165 2339 196 Paroist nauoir de Partie que celle ou il

1600 4290 2383 186 trouue a Viure en les sacrifiant Jncemmement

1603 4402 1143 165 les unes aux autres

6421 1282 125 142 202
