8004 5628
6568 1051 84 130 18

5101 1047 1007 156 Ce 31. Janvier 1741.

5789 1181 769 113 enuoyé copie decet

5777 1256 872 94 auis a semenenu a M

5751 1317 948 132 de Maurepas et a M —

5748 1416 907 116 amelot, atendu de leurs

5751 1491 714 119 nouuelles pour agir

4142 1543 995 375 Monsieur

4059 2307 2643 393 Je crois estre obligé devous faire part d'Vn avis qui

4213 2471 2533 192 ma esté donné et qui peut estre de quelque consequence,

4250 2607 2477 242 Jl ma esté dit quil etoit venu loger du tems d'octobre

4106 2720 2640 169 dernier dans vne maison de mon quartier Seize rüe Thevenot

4094 2826 2624 191 appartenant au S^r Benoist m^e Sellier Carossier, et qui

4088 2942 2567 190 en occupe la boutique pas bas, vn particulier dont on —

4084 3051 2615 197 nescait pas le nom, que l'on dit estre vn Espion du —

4078 3167 2593 197 Duc de Lorraine, que l'on ne voit point pendant Le jour,

4103 3308 2637 178 qui ⟦il⟧ ne rentre qu'a dix heures et demie ou vnze heures

4095 3428 2642 197 du soir, qui⟦l⟧ se glisse auplus viste dans son —

4097 3564 2599 184 apprartement, crainte qu'on ne le voye, et qui sort —

4088 3701 2639 172 deze six heures du matin auec la mesme vitesse et —

4097 3861 1145 144 la mesme precaution.

4181 3967 2490 169 Sur cet avis J'ay envoyé chercher le S^r Benoist —

4091 4108 2627 188 pour scauoir qui etoit ce particulier, il m'a dit —
