8016 5604
1644 1004 2378 205 àdeux heures de Relevée n'Etoient point Sorti —

1620 1172 2378 177 de chéz Elles pour aller àla Messe n'y autre part

1653 1288 2369 164 on les à vû àleur fenêtre paroitre sur les huit —

1644 1419 2321 164 heures du matin, Eusuite Il àparû aleur Même

1653 1550 2322 187 fenêtre vnhomme En Robbe de chambre Et —

1644 1681 2378 187 bonnet de nuit Et Sur les neuf heures du Matin Il

1639 1821 2364 168 En àparu vn Second aussy En Robbe dechambre

1648 1952 2402 182 Et sur es dix heures Il àparû àlamême fenêtre

1653 2101 2387 159 L'vn despremiers des deux hommes pour voir —

1630 2241 2392 159 passer la procession de Saint Cosme Il àparlé aux

1644 2381 2420 178 deux demoiselles Macquemant Et Berneval àladitte

1634 2517 2383 163 fenêtre sans ôter sonbonnet pendant qu'on donnoit

1644 2647 2429 173 la benediction Et sur le midy Il àparû vn Troisieme

1653 2783 2392 187 homme habillé portant Epée; lesdittes deux —

1644 2932 2401 173 demoiselles prennent leur Manger chéz vn —

1639 3068 2420 163 Aubergiste Nommé Ledé Rüe De L'observance

1639 3198 2434 192 I'ay appris qu'Il y avoit logé depuis peu vn Etrangée —

1662 3339 2411 224 que s'Est dit leur pere Et n'y à resté quequatre

1634 3505 773 174 ou cinq Jours. II.

6469 962 122 191 79
