7288 5104
1340 1020 2289 238 La Comtesse de Groslay et chez Mʳ. le Marquis de Puysieux

1348 1161 2315 208 Le 2. Jl a vu chez lui Mʳ. Cuperon, Mʳ. le Comte D'apremont

1314 1288 2230 243 Mʳ. Parisot Maitre des Requetes et mʳ. LEnvoyé de suede

1344 1446 2285 200 apres diné il a eté chez Mʳ. Boriot chez Mʳ. L'ambassadeur

1246 1573 2438 209 d'Espagne chez Madame la Comtesse de Groslay, chez madame

1238 1714 1501 259 D'apremont et chez Mʳ. D'aubriant.

6160 914 123 89 226

4109 1037 2285 204 Le 27. M. de Loss a eté chez M. le Comte D'apremont et chez M. l'ambʳ.

4101 1182 2144 191 d'Espagne, jl a Ecrit vne partie de la journée auec son secretaire.

4109 1305 2302 179 jl a vu chez lui, M. le Baron le fort, M. et Madᵉ. des alleurs, M.

4097 1433 2255 144 l'Envoyé de Russie, M. lEnvoyé de Dannemarck, Madᵉ. la Marquise

4105 1569 2276 157 de l'Epinay, Madᵉ. la Baronne de Traverse, Madᵉ. de Curzay, Madᵉ. la

4105 1675 2255 183 Comtesse Danneris, M. l'Envoyé de Palatin M. lEnvoyé de Genes, et M. lambʳ.

4109 1837 336 115 de venise

4131 1879 2259 213 Le 28. M. de Loss a reçu vne Lettre de Turin, jl a Ecrit auec son secretaire

4109 2020 2260 178 toute la matinée apres quoi jl a eté diner a surêne chez M. le marechal

4105 2118 2268 195 d'Jsenghien. jl a eté chez M. lambʳ. de naples, jl a vu chez luy M.

4105 2241 2336 166 lEnvoyé de Palatin, M. le Baron le fort, M. de Brewer, Madᵉ. de Maulevrier,

4097 2352 2348 200 Madᵉ. de Curzay, Madᵉ. Danneris, Madᵉ. de Groslay, M. et Madᵉ. Dapremont

4097 2517 757 124 M. et Madᵉ. Des alleurs,

4122 2611 2259 191 Le 29. M. de Loss apres avoir travaillé auec son secretaire a eté auec M.

4092 2726 2306 200 l'Envoyé de Palatin a la Campagne chez M. de Montmartel, M. De Loss

4092 2845 2298 191 a vu chez luy M. le Baron des Pons, M. de Brever, M. le marquis de

4075 2981 2315 204 Lapalun, Mˡˡᵉ. de Calonges, M. l'ambʳ. de venise, M. et Madᵉ. Des alleurs.

4122 3164 2293 174 Le 30. M. de Loss a travaillé avec son secretaire. jl a eté chez M. le Cardˡ.

4075 3296 2319 157 des Tencin, chez M. le marquis de Puysieux, Chez M. le Duc Du Escars et

4084 3406 2344 188 chez Madᵉ. de Traverse, jl a vu chez luy Madᵉ. de Severac M. le Marquis

4075 3521 2238 192 de Proens Madᵉ. de l'Epinay Madᵉ. de Traverse, M. lEnvoyé de Russie,

4075 3704 1966 158 M. de Brever Madᵉ. de Martelle M. et Madᵉ. des alleurs

4097 3823 2203 221 Le 31. M. de Loss a travaillé auec son secretaire jl a eté chez M. le

4054 4002 813 187 Marquis de Puysieux et

4126 816 2213 175 Raport des differens endroits ou a eté M. le Comte de Loss depuis le 27.

4114 978 421 119 Aoust 1746
