7300 5104
1352 991 2315 204 Mʳ. le Cardinal de Rohan chez mʳ. Dupin ou il a

1357 1156 2229 171 diné apres diné il a eté chez mʳ. Logeois chez mʳ.

1361 1297 2306 166 le vice Chancelier de Russie, chez mʳ. L'Envoyé de suede

1365 1433 2276 187 chez mʳ. le Cardinal Tancin chez mʳ. le Duc de Charon

1361 1582 1684 170 et chez Mᵈᵉ. la Comtesse de Braque.

6257 752 85 119 33

4186 820 2169 188 Raport des differens endroits ou a eté M. le Comte de Loss depuis

4164 965 600 140 le 14. may 1746.

4173 1105 2242 166 Le 14. M. De Loss a Ecrit toute la journée auec son secretaire. jl

4147 1246 2280 144 a eté chez M. le Cardinal de Tencin. jl a vu chez luy M. lEnvoyé de

4134 1373 2242 170 Palatin, M. le Chᵉʳ. de Plaisance, Madᵉ. la Baronne de Traverse, M.

4143 1514 1868 149 de verneuille, le Docteur amerer, M. et Madᵉ. des alleurs.

4245 1650 2144 161 Le 15. M. de Loss a vu chez lui M. le Comte D'harcourt, M. lEnvoyé

4139 1803 2208 153 de Russie, M. le marquis de sᵗ. vrion, M. le Comte de Terrin M. le

4130 1939 1493 153 māāl D'ysenghien M. et Madᵉ. des alleurs.

4203 2101 2144 161 Le 16. M. de Loss a Ecrit toute la matineé auec son secretaire, jl a

4130 2245 2221 166 eté chez M. le Cardˡ. de Tencin et chez M. l'ambʳ. ordinaire d'Espagne

4113 2390 2246 183 Jl a vu chez lui M. l'ambʳ. de Venise, Madᵉ. la Baronne de Traverse

4096 2522 796 123 M. et Madᵉ. des alleurs.

4156 2649 2216 175 Le 17. M. de Loss a vû chez luy le Docteur amerer, Mʳˢ. le fort, M. le

4096 2790 2195 178 marquis de Proens, M. Dapremont et Madᵉ. des alleurs. jl a recu des

4083 2913 1689 174 Lettres de Dresde et a Ecrit vne partie de la journée

4173 3058 1991 166 Le 18. M. de Loss a Ecrit toute la journée. jl a vue chez lui le

4079 3198 2255 157 vice chancelier de Russie, M. Grosse, M. le fort lainé, M. le Comte

4066 3330 2298 153 de Rable et son Gouverneur, M. lambʳ. de venise, M. l'Envoyé de Palatin,

4066 3462 1608 140 M. le Comte de sᵗ. vrion M. et Madᵉ. des alleurs.

4126 3589 2136 158 Le 19. M. de Loss a diné chez M. lEnvoyé de Prusse, il a Ecrit l'apres

4062 3721 2306 158 midi, jl a vu chez lui M. l'Envoyé de Suede, Mʳˢ. le fort, M. lEnvoyé de Palatin

4054 3840 2318 175 M. le marquis de la Pallun, M. lEnvoyé de Prusse, M. lEvoyé de Dannemarck

4058 3976 774 141 M. et Madᵉ. des alleurs.
