7300 5104
6372 467 64 102 2

4203 543 2203 279 Comme Jl est a craindre que les anglois ne s'Etendent en Bretagne, et que

4254 693 2144 166 l'on parle de détacher des troupes de l'armée de M Le Comte de Saxe : Jl

4254 795 2101 196 faut penser a Envoyer 30000. hommes du Coté de Valenciennes afin de

4249 888 2098 166 tenir en Echec le Prince charles, et mettre de fortes Garnisons a Namur et

4254 978 2139 183 autres places de flandres.  ?au si les Anglois reussissoient, le Prince charles

4258 1063 2114 187 Trouvera les moyens de les joindre : on n'a pas de Lettres de l'orient que du

4249 1199 251 102 6ᵉ. 8ᵇʳᵉ.

4232 1212 2140 174 On dit qu'il est arrivé ce soir vn Courier chés M de Maurepas : on dit aussy

4245 1314 2148 195 que l'on a Envoyé a l'orient vn Directeur de la Compagnie des Indes pour voir

4215 1407 2144 188 Si on est en Etat de se déffendre : cela paroit Etonnant que l'on ny ait

4237 1518 1033 191 pas envoyé un officier de Guerre.

4211 1569 2148 217 La Reine d'Hongrie envoye 25000 hommes a Naples sous le Commandemᵗ.

4215 1731 830 136 du Prince De Lictenstein.

4228 1782 2178 225 Jl y a bien des choses a observer sur les 55. Bataillons que l'on veut Envoyer

4220 1896 2105 192 en Jtalie. Le Roy de Portugal qui est le médiateur entre l'Espagne et

4220 1994 2156 209 l'angleterre, poura bien nous Laisser dans l'Embaras : l'avis des plus Eclairés

4224 2096 2148 188 ministres, Est que nous ne Ferons rien en Italie amoins de 90000. hommes

4224 2194 1676 187 et sous un même General, ce qui est presque impossible.

4215 2296 2081 204 L'avis d'Envoyer des troupes du Côté de Valenciennes vient des mêmes

4211 2411 1421 209 ministres qui sont pour le bien de la france.

4207 2526 2148 179 On m'a dit que l'on Arrêtoit ceux qui parlent dans les Caffés : si les nouvelles

4211 2624 2097 191 d'orient ne sont pas bonnes, il seroit apropos de rependre dans Paris

4211 2734 2097 205 de fausses relations : on ne sçauroit croire comme cela en impose a

4207 2905 408 153 Mille Gens.

4194 2930 2123 208 On croit que M Gilles recevra de nouvelles Jnstructions : Les hollandois

4194 3036 2127 209 sont tres mécontents de l'angleterre, Et ils la Craignent d'avantage depuis

4198 3151 1281 204 qu'ils ne sont plus dans leur Confidence.

4173 3253 2016 209 Le Roy de Prusse peut nous rendre Service pour Empêcher vne

4151 3351 2102 213 déclaration de Guerre d'Empire alaquelle personne ne paroit penser.

4203 3432 2178 242 Le Duc de Virtemberg ne Finera pas de Neutralité pour la Campagne

4207 3538 2161 268 prochaine. Il envoye M fabre auprès dela Reine d'Hongrie. J'ignore

4181 3751 311 145 pourquoy.

4168 3738 2085 213 Les Princes Cadets qui devoient passer icy, sont en Hollande à vne

4177 3862 2097 208 Vniversité Lutherienne : Jls ne viendront en france qu'en retournant a

4173 3955 2063 209 Virtemberg : on a craint s'ils passoient icy vn mois, que leur livrée

4186 4044 2139 234 ne se Battit contre celle des Bâtard de Montbelliard, ce qui seroit

4177 4185 1000 221 arrivé atoutes les rencontres.
