7300 5104
6253 816 68 115 31

4041 816 2403 187 Raport des differents endroits ou a eté Mʳ. Lambassadeur Extraordinaire

3956 935 1378 175 d'Espagne depuis le13 Mai 1746.

4024 1110 2382 183 Ledit Iour il a eté chez mʳ. L'ambassadeur de Naples chez mᵈᵉ. la Duchesse

4015 1237 2306 175 Sᵗ. Pierre chez mʳ. LEnvoyé de Genes chez vn Peintre dans le

4037 1356 2259 183 Temple, chez Passot Tailleur dela a Lopera, au sortir de Lopera

4032 1480 2264 166 il a eté chez mʳ. L'ambassadeur ordʳᵉ. dEspagne et chez mᵈᵉ. la

4037 1594 757 166 Duchesse de Salance

4122 1748 2191 166 Le 14. IL a eté chez mʳ. le Marechal de Brancase chez mʳ. le

4049 1858 2340 162 Comte de Montmorency chez mʳ. le Duc de sᵗ. Simon, chez mʳ. le

4028 1969 2272 178 Prince de Grimbergue, chez la fontaine Sellier, et a la Croix d'or

4032 2092 762 136 ruë des Bourdonnois

4105 2194 2178 200 Le 15. IL a eté le matin a versailles, jl en est revenu le meme jour

4037 2322 740 115 et a eté a L'opera

4092 2420 2208 200 Le 16. IL a eté chez mᵈᵉ. la Duchesse de salance chez mʳ. le Cardinal

4024 2547 2395 213 Tancin chez Mʳ. D'aubrien, chez mʳ. de saintos chez mʳ. de Verneuil

4024 2675 2289 213 chez mʳ. le Duc D'avray et chez mʳ. hoille ruë sᵗ. honnoré ou il

4028 2802 345 137 a Soupé.

4083 2905 2132 238 Le 17. IL a eté chez un Peintre dans le Temple chez mʳ.

4037 3045 2178 259 L'Envoyé de Genes, a Lopera et chez vn Libraire quay

3947 3177 387 200 de Conty

4096 3300 2110 217 Le 18. IL a eté a Choisy le Roi ason ⟦s..⟧  retour il a eté a

4003 3440 2293 239 L'observatoire, chez Mᵈᵉ. la Duchesse Sᵗ. Pierre chez mᵈᵉ. la

3990 3611 2199 221 Marechale de Beljsle chez mᵈᵉ. la Marechale de vilart

4003 3730 2284 242 chez mʳ. le Duc de Vilars et chez mʳ. le Prince de Grimbergue

4032 3887 2195 268 Le 19. IL a eté a versailles au retour de versailles il a eté
