7288 5104
1399 595 2179 183 Le ministre de l'Empereur a Breda, a ordre ne pas Ceder le pas

1433 731 553 128 a M De Puisieux.

1433 791 2217 217 M Gilles qui est revêtu d'vne dignité holandoise Comme Ministre d'Etat

1438 927 2140 191 icy, Et qui demande résidence dans la république, Pars je crois pour

1425 1008 2178 195 Breda : cela fait juger qu'il est chargé d'articles de Paix et qu'il a des

1433 1110 2140 212 ordres secrets de faire le paix avec la france sans s'embarrasser de

1433 1199 2217 225 l'Angleterre ni des autres puissances : on regarde cela Comme vu avantage

1453 1293 2150 264 pour la france qu'il ne faut pas que nous Laissions Echaper : m Gilles

1425 1386 2093 255 est vu homme fin, qui parle peu et qu'il faut cependant dans les

1421 1484 2216 242 circonstances présentes faire parler et bien Expliquer sans paroitre souhaiter

1429 1594 2144 234 ceque l'on désire qui est la paix. M Gilles a surement Carte Blanche

1421 1680 1948 242 de la faire : nos Ennemis le craignent trop pour que j'en doute.

1421 1777 2178 251 nos troupes frauçoises et Espagnoles je crois gagnent marseilles : Jls ont

1421 1931 1276 204 renvoyé par lau? les troupes napolitaines.

1403 2011 1464 230 Le Prince charles est toûjours du Côté de Liege.

1416 2109 2136 234 Le Duc du Escart a donné aujourd'huy a diner a M et Mad. D'obrienne,

1408 2215 2161 243 c'est vne femmme aqui l'Espagne fait 10000 ˡᵗ. de Rente : Jl y avoit au[]

1403 2339 1894 225 quatre Ecoliers chinois de la Connoissance du Comte de Vilaines.

1391 2424 2148 259 On dit que les troupes de la Reine D'hongrie marchent a naples dont

1399 2654 396 110 le Blaîne.

1357 2654 2212 234 D'autres troupes sous le Commandement du Roy de Sardaigne marchent

1395 2734 2204 247 en Provence : on n'a dit aucunes nouvelles de l'orient a l'assemblée.

1395 2909 1132 195 Jls ne sçavent que croire au sujet.

1391 2943 2101 251 Ce que J'avois marqué jeudy qu'il falloit prendre des Quartiers a

1399 3058 2106 242 Valenciennes, ce n'etoit qu'autant que les anglois auroient pénétrés en

1386 3270 358 150 Bretagne.

1382 3245 2208 242 Les hollandois veulent rechercher ceux qui ont mal déffeudu les places : Jls

1386 3334 2166 264 vont Commencer par celuy qui Commandoit a Naumur : on se moque d'Eux

1386 3534 468 123 a cette occasion.

1382 3457 2230 311 il n'y aura pas ⟦p..⟧  de dispute pour le pas a Breda : m De Puisieux a Envoyé

1378 3602 2225 251 encore un Courrier pour sçavoir si on admettrois les ministres de la Reine de

1378 3772 923 192 hongrie et ceux de Sardaigne

1378 3781 2183 263 Jl n'y a aucune aparence de paix ausi? prenant comme On fait, cela

1391 3930 1276 195 sera Long et cependant pas impossible.

1369 3964 2230 310 Si on juge apropos de me donner par Ecrit des Questions a faire sur la

1378 4129 1689 247 paix avec les hollandois : Je m'en acquitteray au mieux.

1335 4202 2174 306 Jl y a encore vne Revolte Contre les Genois et cela depuis la prise

1378 4440 349 166 de Gênes.
