7300 5104
6317 893 136 106 170

4173 731 2233 200 Raport des differents endroits ou a eté mʳ. LEnvoyé de

4109 884 1714 175 d'annemark depuis le 22. Juillet 1746.

4279 1033 2216 200 Ledit jour il a vu le matin chez lui mʳ. de Montperoux

4207 1173 2305 192 lequel a eté cydevant secretaire de deffunt LEmpereur il demeure

4190 1288 2340 221 rue Sᵗ. honnoré vis avis le Cadran Sᵗ. honnoré, Jl a vu aussi chez

4198 1429 2314 200 lui Mʳ. Seguy qui a eté Gouverneur de Mʳ. le Prince delatour

4207 1565 2297 204 qui étoit l'an passé a Paris ; en Suitte mʳ. L'Envoyé a eté

4173 1688 2216 200 chez Mʳ. de Beljsle, chez Mᵈᵉ. lavalière chez mᵈᵉ.

4181 1828 2314 209 du deffant chez mᵈᵉ. de Boufflers et aux Thuilleries ou il

4168 1982 2119 208 s'est promené auec mʳ Seguy et mʳ. Montperoux

4186 2109 2339 213 Le 23 Jl a vu chez lui deux officiers hollandois prisonniers

4096 2262 2387 170 de Guerre dont l'un est logé ruë de la Croix dépedits champs

4173 2369 2288 200 a L'hotel d'anjou et l'autre ruë D'Auphine a L'hotel de flandre

4173 2517 2335 216 le meme jour jl a vu chez lui mʳ. Montperoux en Suitte, il a eté

4168 2662 2362 191 chez mᵈᵉ. de Bouflers chez mʳ. Janvry chez mʳ. le Comte Loze

4164 2798 1566 179 et chez mʳ. de la Popliniere ou il a soupé

4224 2956 2144 174 Le 24. Jl a vu le matin chez lui Mʳ. Montperoux mʳ.

4151 3083 2323 204 Seguy et plusieurs Etrangers aux quels il a donné adiné, apres

4147 3215 2370 208 diné jl a eté chez deux officiers hollandois chez mᵈᵉ. D'harcourt

4134 3334 2242 234 Mˡˡᵉ. de Beuvron et chez mʳ. dethiers Crozat ou il a soupé

4177 3487 2242 221 Le 25 jl a eté chez mʳ. D'argenson Ministres des affaires

4151 3628 2238 229 Etrangeres dela il a eté diné chez Mʳ. le Cardinal Tancin

4151 3785 2251 208 apres diné jl a eté chez mᵈᵉ. de bouflers chez Madame

4164 3930 1855 191 lavaliere et aux Thuilleries ou il s'est promené

4207 4074 2055 196 Le 26. Jl a vu chez lui mʳ. le Marechal de Beljsle
