<?xml version="1.0" encoding="UTF-8"?>
<alto xmlns:xsi="http://www.w3.org/2001/XMLSchema-instance"
      xmlns="http://www.loc.gov/standards/alto/ns-v4#"
      xsi:schemaLocation="http://www.loc.gov/standards/alto/ns-v4# http://www.loc.gov/standards/alto/v4/alto-4-2.xsd">
  <Description>
    <MeasurementUnit>pixel</MeasurementUnit>
    <sourceImageInformation>
      <fileName>btv1b107241145_f224.jpg</fileName>
      
    </sourceImageInformation>
  </Description>
  
  <Tags>
    <OtherTag ID="BT1649" LABEL="DamageZone" DESCRIPTION="block type DamageZone"/><OtherTag ID="BT1650" LABEL="DigitizationArtefactZone" DESCRIPTION="block type DigitizationArtefactZone"/><OtherTag ID="BT1651" LABEL="MainZone" DESCRIPTION="block type MainZone"/><OtherTag ID="BT1652" LABEL="MarginTextZone" DESCRIPTION="block type MarginTextZone"/><OtherTag ID="BT1653" LABEL="NumberingZone" DESCRIPTION="block type NumberingZone"/><OtherTag ID="BT1654" LABEL="QuireMarksZone" DESCRIPTION="block type QuireMarksZone"/><OtherTag ID="BT1655" LABEL="RunningTitleZone" DESCRIPTION="block type RunningTitleZone"/><OtherTag ID="BT1656" LABEL="StampZone" DESCRIPTION="block type StampZone"/><OtherTag ID="BT1657" LABEL="TableZone" DESCRIPTION="block type TableZone"/><OtherTag ID="BT1658" LABEL="TitlePageZone" DESCRIPTION="block type TitlePageZone"/>
    <OtherTag ID="LT634" LABEL="DefaultLine" DESCRIPTION="line type DefaultLine"/><OtherTag ID="LT635" LABEL="HeadingLine" DESCRIPTION="line type HeadingLine"/><OtherTag ID="LT636" LABEL="InterlinearLine" DESCRIPTION="line type InterlinearLine"/>
  </Tags>
  
  <Layout>
    <Page WIDTH="7300"
          HEIGHT="5104"
          PHYSICAL_IMG_NR="9"
          ID="eSc_dummypage_">
      <PrintSpace HPOS="0"
                  VPOS="0"
                  WIDTH="7300"
                  HEIGHT="5104">
        
        <TextBlock HPOS="3818"
                   VPOS="723"
                   WIDTH="431"
                   HEIGHT="204"
                   ID="eSc_textblock_81d54b62"
                   TAGREFS="BT1652">
          <Shape><Polygon POINTS="3825 738 3818 927 4249 927 4249 723"/></Shape>
          
          
          <TextLine ID="eSc_line_301186ca"
                    TAGREFS="LT635"
                    BASELINE="3845 786 4258 774" 
                    HPOS="3845"
                    VPOS="714"
                    WIDTH="413"
                    HEIGHT="115">
            <Shape><Polygon POINTS="4181 714 4139 714 4096 714 4054 714 4011 714 3879 723 3845 786 3845 829 4254 795 4258 774 4245 714 4224 714"/></Shape>
	    <String CONTENT="M. Duual"
                    HPOS="3845"
                    VPOS="714"
                    WIDTH="413"
                    HEIGHT="115"></String>
          </TextLine>

          
          
          <TextLine ID="eSc_line_f932a811"
                    TAGREFS="LT635"
                    BASELINE="3862 884 3952 876" 
                    HPOS="3849"
                    VPOS="786"
                    WIDTH="107"
                    HEIGHT="213">
            <Shape><Polygon POINTS="3849 808 3862 884 3875 999 3956 965 3952 876 3930 786 3918 786"/></Shape>
	    <String CONTENT="lû"
                    HPOS="3849"
                    VPOS="786"
                    WIDTH="107"
                    HEIGHT="213"></String>
          </TextLine>

          
        </TextBlock>
        
        <TextBlock HPOS="3912"
                   VPOS="747"
                   WIDTH="2637"
                   HEIGHT="3464"
                   ID="eSc_textblock_a7598ffc"
                   TAGREFS="BT1651">
          <Shape><Polygon POINTS="6549 756 6477 4192 3912 4211 4064 783 3987 750 4031 750 4585 747"/></Shape>
          
          
          <TextLine ID="eSc_line_854c6be0"
                    TAGREFS="LT634"
                    BASELINE="6304 816 6433 812" 
                    HPOS="6296"
                    VPOS="740"
                    WIDTH="136"
                    HEIGHT="106">
            <Shape><Polygon POINTS="6338 740 6296 740 6300 812 6300 846 6427 846 6432 808 6419 740 6381 740"/></Shape>
	    <String CONTENT="205"
                    HPOS="6296"
                    VPOS="740"
                    WIDTH="136"
                    HEIGHT="106"></String>
          </TextLine>

          
          
          <TextLine ID="eSc_line_df7f0193"
                    TAGREFS="LT635"
                    BASELINE="4117 859 4670 846 5798 880 6198 880 6313 854" 
                    HPOS="4113"
                    VPOS="714"
                    WIDTH="2200"
                    HEIGHT="225">
            <Shape><Polygon POINTS="4781 718 4777 718 4773 718 4722 731 4700 735 4683 731 4649 718 4628 718 4585 718 4543 718 4500 714 4471 723 4360 757 4313 718 4309 718 4305 718 4117 714 4117 859 4113 876 4254 910 4258 910 4262 910 4266 910 4317 880 4334 871 4466 871 4568 876 4573 880 4602 910 4602 914 4607 914 4611 914 4615 914 4781 884 4811 880 4853 884 5049 910 5053 910 5160 888 5177 884 5185 888 5275 927 5279 927 5283 927 5287 927 5398 888 5402 888 5406 888 5453 914 5457 914 5462 914 5696 893 5704 893 5713 893 6079 939 6083 939 6087 939 6091 939 6130 910 6215 939 6219 939 6223 939 6227 939 6304 897 6308 876 6313 854 6300 782 6045 735 6040 735 6036 735 5947 769 5913 782 5870 765 5823 748 5819 748 5815 748 5811 748 5806 748 5781 765 5755 778 5266 778 5236 748 5228 744 5228 740 5224 740 5219 740 5215 740 5211 740 5194 744 5147 769 5113 744 5087 723 5083 723 5079 723 5075 723 5070 723 5002 740 4968 748 4947 740 4917 723 4913 723 4909 723 4904 723 4900 723 4883 735 4849 765 4811 735 4790 718 4785 718"/></Shape>
	    <String CONTENT="Raport des differents endroits ou a eté Mʳ. Lambassadeur"
                    HPOS="4113"
                    VPOS="714"
                    WIDTH="2200"
                    HEIGHT="225"></String>
          </TextLine>

          
          
          <TextLine ID="eSc_line_8db69844"
                    TAGREFS="LT635"
                    BASELINE="4092 961 5517 995" 
                    HPOS="4088"
                    VPOS="867"
                    WIDTH="1429"
                    HEIGHT="179">
            <Shape><Polygon POINTS="4088 995 4266 1020 4271 1020 4632 1008 4653 1008 4675 1025 4675 1029 4679 1029 4683 1029 4687 1029 4862 1012 4866 1012 4870 1012 5007 1037 5011 1037 5015 1037 5075 1016 5338 1046 5343 1046 5513 1020 5517 995 5509 897 5160 914 5109 888 5096 880 5092 880 5087 880 5058 884 4985 901 4930 884 4909 876 4904 876 4900 876 4896 876 4879 880 4811 905 4636 905 4619 876 4615 871 4611 871 4611 867 4607 867 4602 867 4598 867 4471 871 4203 888 4092 867 4092 961"/></Shape>
	    <String CONTENT="d&#39;hollande depuis le 6. aoust 1746."
                    HPOS="4088"
                    VPOS="867"
                    WIDTH="1429"
                    HEIGHT="179"></String>
          </TextLine>

          
          
          <TextLine ID="eSc_line_05279f21"
                    TAGREFS="LT634"
                    BASELINE="4190 1122 6461 1144" 
                    HPOS="4186"
                    VPOS="999"
                    WIDTH="2275"
                    HEIGHT="191">
            <Shape><Polygon POINTS="6444 1063 6427 1059 6347 1059 6347 1054 6308 1020 6287 1016 6189 1054 6185 1054 6176 1054 6062 1033 6057 1033 5921 1050 5883 1016 5883 1012 5879 1012 5874 1012 5870 1012 5666 1033 5577 1012 5572 1012 5568 1012 5564 1012 5470 1046 5364 1008 5360 1008 5355 1008 5202 1042 4977 1020 4973 1020 4968 1020 4913 1042 4909 1042 4828 1016 4824 1016 4819 1016 4815 1016 4811 1016 4773 1042 4768 1042 4645 999 4641 999 4636 999 4368 1033 4305 1003 4300 1003 4296 1003 4292 1003 4288 1003 4288 1008 4258 1037 4190 1037 4190 1122 4186 1139 4385 1139 4419 1169 4419 1173 4424 1173 4428 1173 4432 1173 4568 1144 4585 1139 4619 1144 4811 1165 4815 1165 4819 1165 4870 1144 4879 1144 5228 1144 5241 1148 5389 1182 5394 1182 5725 1156 5730 1156 6006 1190 6011 1190 6457 1161 6461 1144 6457 1063 6444 1063"/></Shape>
	    <String CONTENT="Ledit Jour il a eté chez mʳ. L&#39;ambassadeur de Portugal Jl a diné"
                    HPOS="4186"
                    VPOS="999"
                    WIDTH="2275"
                    HEIGHT="191"></String>
          </TextLine>

          
          
          <TextLine ID="eSc_line_361a8d4a"
                    TAGREFS="LT634"
                    BASELINE="4134 1250 6474 1288" 
                    HPOS="4130"
                    VPOS="1135"
                    WIDTH="2344"
                    HEIGHT="204">
            <Shape><Polygon POINTS="4134 1250 4130 1271 4198 1297 4203 1297 4207 1297 4509 1276 4539 1301 4543 1301 4547 1301 4551 1301 4556 1301 4607 1276 4679 1314 4683 1314 4687 1314 4692 1314 4798 1280 5168 1280 5177 1284 5283 1305 5287 1305 5292 1305 5351 1288 5457 1327 5462 1327 5466 1327 5585 1305 5611 1327 5615 1327 5619 1327 5623 1327 5819 1310 5849 1331 5853 1331 5857 1331 5862 1331 6066 1318 6210 1339 6215 1339 6470 1301 6474 1288 6466 1165 6385 1207 6287 1173 6283 1173 6279 1173 6274 1173 6270 1173 6215 1212 6108 1212 6045 1165 6040 1165 6036 1165 6032 1165 6028 1165 6019 1165 5985 1182 5951 1169 5925 1156 5921 1156 5811 1156 5806 1156 5802 1156 5777 1169 5713 1203 5670 1169 5653 1152 5649 1152 5645 1152 5640 1152 5564 1169 5445 1199 5415 1169 5398 1152 5398 1148 5394 1148 5389 1148 5385 1148 5381 1148 5292 1169 5275 1173 5262 1169 5177 1144 5172 1144 5168 1144 5062 1156 5058 1156 5053 1156 5053 1161 5041 1173 5019 1190 4764 1190 4734 1173 4658 1135 4653 1135 4534 1135 4530 1135 4526 1135 4449 1173 4432 1182 4134 1178 4134 1250"/></Shape>
	    <String CONTENT="avec mʳ. D&#39;argenson Ministre des affaires Etrangeres, Jl a eté"
                    HPOS="4130"
                    VPOS="1135"
                    WIDTH="2344"
                    HEIGHT="204"></String>
          </TextLine>

          
          
          <TextLine ID="eSc_line_cd16fb5a"
                    TAGREFS="LT634"
                    BASELINE="4140 1386 4913 1390 6525 1426" 
                    HPOS="4134"
                    VPOS="1267"
                    WIDTH="2387"
                    HEIGHT="217">
            <Shape><Polygon POINTS="4139 1382 4134 1420 4977 1420 5015 1433 5079 1454 5083 1454 5087 1454 5092 1454 5130 1433 5143 1424 5160 1433 5189 1454 5194 1454 5198 1454 5202 1454 5206 1454 5211 1454 5236 1437 5241 1433 5258 1437 5368 1463 5372 1463 5377 1463 5428 1437 5432 1437 5440 1437 5530 1467 5534 1467 5538 1467 5543 1467 5598 1446 5891 1475 5896 1475 6240 1454 6359 1484 6364 1484 6368 1484 6517 1454 6521 1424 6521 1356 6342 1356 6334 1348 6304 1327 6300 1327 6296 1327 6291 1327 6287 1327 6283 1327 6283 1331 6266 1348 6262 1348 5951 1348 5942 1335 5896 1297 5891 1297 5887 1297 5794 1297 5789 1297 5785 1297 5721 1331 5713 1335 5704 1331 5623 1293 5619 1293 5615 1293 5611 1293 5547 1327 5530 1335 5517 1322 5475 1293 5470 1293 5466 1293 5462 1293 5457 1293 5453 1293 5415 1322 5394 1335 5321 1335 5300 1318 5292 1310 5287 1310 5283 1310 5279 1310 5232 1314 5160 1327 5130 1314 5070 1280 5066 1280 5062 1280 5058 1280 4985 1310 4964 1314 4926 1305 4781 1276 4777 1276 4773 1276 4768 1276 4739 1301 4713 1318 4670 1297 4607 1271 4602 1271 4458 1271 4454 1271 4449 1271 4445 1271 4424 1293 4411 1301 4385 1288 4330 1267 4326 1267 4322 1267 4139 1280 4139 1382"/></Shape>
	    <String CONTENT="chez mʳ. le Cardinal Tancin chez mʳ. le Chevalier de Contade"
                    HPOS="4134"
                    VPOS="1267"
                    WIDTH="2387"
                    HEIGHT="217"></String>
          </TextLine>

          
          
          <TextLine ID="eSc_line_fa6e2099"
                    TAGREFS="LT634"
                    BASELINE="4109 1514 5334 1531" 
                    HPOS="4105"
                    VPOS="1390"
                    WIDTH="1229"
                    HEIGHT="187">
            <Shape><Polygon POINTS="4109 1514 4105 1556 4224 1535 4296 1565 4300 1565 4305 1565 4309 1565 4377 1535 4505 1535 4560 1569 4564 1569 4568 1569 4573 1569 4577 1569 4581 1569 4632 1552 4773 1573 4798 1573 4802 1573 4807 1573 4811 1573 4866 1543 5326 1577 5334 1531 5326 1416 5172 1446 5126 1412 5126 1407 5121 1407 5117 1407 5113 1407 5109 1407 5104 1407 5032 1446 4904 1446 4824 1403 4819 1403 4815 1403 4811 1403 4807 1403 4734 1441 4700 1403 4700 1399 4696 1399 4692 1399 4598 1399 4594 1399 4590 1399 4585 1399 4530 1441 4437 1441 4317 1395 4313 1395 4309 1395 4305 1395 4237 1433 4194 1395 4190 1395 4186 1395 4109 1390 4109 1514"/></Shape>
	    <String CONTENT="Et chez Madame de Mazarin"
                    HPOS="4105"
                    VPOS="1390"
                    WIDTH="1229"
                    HEIGHT="187"></String>
          </TextLine>

          
          
          <TextLine ID="eSc_line_09e0fb39"
                    TAGREFS="LT634"
                    BASELINE="4186 1654 6355 1726" 
                    HPOS="4181"
                    VPOS="1543"
                    WIDTH="2174"
                    HEIGHT="251">
            <Shape><Polygon POINTS="4181 1692 4339 1739 4343 1739 4347 1739 4509 1718 4747 1752 4751 1752 4756 1752 4760 1752 4794 1726 4862 1752 4866 1752 4870 1752 4875 1752 4943 1722 4981 1752 4985 1752 4990 1752 4994 1752 4998 1752 5075 1726 5202 1769 5206 1769 5211 1769 5326 1743 5398 1765 5402 1765 5406 1765 5560 1743 5611 1782 5615 1782 5619 1782 5623 1782 5802 1756 5972 1794 5976 1794 6351 1765 6355 1726 6355 1633 6321 1612 6317 1612 6313 1612 6308 1612 6304 1612 6300 1612 6300 1616 6274 1641 6266 1650 6206 1650 6198 1637 6168 1612 6168 1607 6164 1607 6159 1607 6155 1607 6151 1607 6147 1607 6147 1612 6102 1608 6104 1646 6066 1633 5964 1607 5959 1607 5955 1607 5832 1629 5798 1637 5721 1637 5708 1624 5687 1607 5687 1603 5683 1603 5679 1603 5674 1603 5670 1603 5632 1624 5619 1629 5245 1620 5241 1612 5206 1577 5206 1573 5202 1573 5198 1573 5066 1569 5062 1569 5058 1569 4956 1607 4951 1607 4943 1603 4862 1565 4858 1565 4853 1565 4849 1565 4845 1565 4819 1582 4598 1556 4594 1556 4590 1556 4585 1556 4564 1573 4543 1556 4543 1552 4539 1552 4534 1552 4530 1552 4356 1586 4305 1543 4300 1543 4296 1543 4292 1543 4288 1543 4186 1582 4186 1654"/></Shape>
	    <String CONTENT="Le 7. Jl a eté chez Mʳ. D&#39;argenson chez mʳ. le Cardinal"
                    HPOS="4181"
                    VPOS="1543"
                    WIDTH="2174"
                    HEIGHT="251"></String>
          </TextLine>

          
          
          <TextLine ID="eSc_line_b46a3925"
                    TAGREFS="LT634"
                    BASELINE="4117 1807 4768 1816 6538 1892" 
                    HPOS="4113"
                    VPOS="1684"
                    WIDTH="2425"
                    HEIGHT="268">
            <Shape><Polygon POINTS="4117 1807 4113 1820 4317 1850 4322 1850 4522 1837 4573 1837 4585 1841 4649 1871 4653 1871 4658 1871 4785 1850 4815 1845 4828 1850 4921 1896 4926 1896 4930 1896 5202 1867 5245 1862 5253 1867 5287 1892 5292 1892 5296 1892 5300 1892 5304 1892 5343 1871 5351 1867 5360 1871 5398 1896 5402 1896 5406 1896 5411 1901 5730 1901 5777 1931 5781 1931 5785 1931 5789 1935 6011 1935 6011 1931 6015 1931 6019 1931 6057 1905 6321 1952 6325 1952 6330 1952 6334 1952 6393 1918 6530 1918 6538 1892 6538 1820 6317 1765 6313 1765 6032 1769 6028 1769 6023 1769 5993 1794 5896 1786 5857 1752 5857 1748 5853 1748 5849 1748 5845 1748 5840 1748 5836 1748 5777 1786 5734 1786 5691 1786 5674 1760 5670 1760 5670 1756 5666 1756 5662 1756 5657 1756 5653 1756 5623 1773 5577 1735 5572 1735 5568 1735 5462 1735 5457 1735 5453 1735 5394 1769 5364 1739 5364 1735 5360 1735 5355 1735 5351 1735 5189 1760 5147 1722 5147 1718 5143 1718 5138 1718 4964 1714 4960 1714 4956 1714 4866 1748 4819 1714 4815 1714 4811 1714 4807 1714 4662 1739 4590 1701 4585 1701 4581 1701 4577 1701 4573 1701 4573 1705 4534 1735 4471 1735 4390 1735 4390 1731 4262 1684 4258 1684 4254 1684 4249 1684 4117 1718 4117 1807"/></Shape>
	    <String CONTENT="Tancin chez mʳ. le Cardinal de Rohan chez mʳ. l&#39;ambassadeur"
                    HPOS="4113"
                    VPOS="1684"
                    WIDTH="2425"
                    HEIGHT="268"></String>
          </TextLine>

          
          
          <TextLine ID="eSc_line_e67893f7"
                    TAGREFS="LT634"
                    BASELINE="4028 1939 5811 1994" 
                    HPOS="4024"
                    VPOS="1828"
                    WIDTH="1787"
                    HEIGHT="213">
            <Shape><Polygon POINTS="4028 1858 4028 1939 4024 1956 4117 1990 4122 1990 4126 1990 4339 1977 4432 2011 4437 2011 4441 2011 4445 2011 4530 1973 4607 2007 4611 2007 4615 2007 4619 2007 4679 1982 4751 2007 4756 2007 4760 2007 4764 2007 4811 1982 4819 1982 4870 1986 5168 2020 5172 2020 5177 2020 5228 1999 5245 1994 5266 2003 5394 2041 5398 2041 5402 2041 5806 2020 5811 1994 5806 1905 5679 1909 5632 1896 5538 1867 5534 1867 5530 1867 5526 1867 5475 1892 5466 1896 5453 1888 5402 1862 5398 1862 5258 1858 5253 1858 5041 1862 5036 1862 5015 1871 4985 1888 4875 1888 4836 1867 4798 1845 4794 1845 4790 1845 4785 1845 4751 1862 4713 1879 4407 1871 4356 1845 4305 1828 4300 1828 4296 1828 4292 1828 4258 1845 4215 1862 4049 1837 4028 1858"/></Shape>
	    <String CONTENT="de Portugal et chez mʳ. le Duc de Charost"
                    HPOS="4024"
                    VPOS="1828"
                    WIDTH="1787"
                    HEIGHT="213"></String>
          </TextLine>

          
          
          <TextLine ID="eSc_line_68262264"
                    TAGREFS="LT634"
                    BASELINE="4168 2101 4726 2096 5976 2147 6423 2139" 
                    HPOS="4164"
                    VPOS="1977"
                    WIDTH="2259"
                    HEIGHT="234">
            <Shape><Polygon POINTS="4168 2101 4164 2126 4249 2113 4305 2135 4330 2143 4334 2143 4339 2143 4343 2143 4360 2135 4394 2118 4419 2135 4475 2177 4479 2177 4483 2177 4585 2181 4590 2181 4594 2181 4598 2181 4653 2139 4683 2122 4785 2122 4807 2143 4849 2177 4853 2177 4858 2177 4862 2177 4866 2177 4985 2143 5036 2130 5121 2130 5134 2147 5164 2169 5164 2173 5168 2173 5172 2173 5177 2173 5181 2173 5249 2147 5279 2139 5432 2139 5440 2152 5479 2181 5479 2186 5483 2186 5487 2186 5657 2211 5662 2211 5891 2203 5896 2203 6002 2169 6036 2194 6040 2194 6045 2194 6049 2194 6172 2169 6347 2203 6351 2203 6355 2203 6419 2164 6423 2139 6415 2037 6321 2037 6317 2037 6313 2037 6308 2037 6270 2067 6202 2045 6198 2045 6193 2045 5900 2054 5874 2028 5870 2028 5870 2024 5866 2024 5862 2024 5772 2020 5768 2020 5649 2028 5415 2041 5313 2024 5202 2003 5198 2003 5194 2003 5126 2020 5109 2024 4973 2024 4973 2020 4960 2003 4956 2003 4956 1999 4951 1999 4947 1999 4943 1999 4938 1999 4866 2020 4836 2024 4437 2020 4415 2011 4249 1977 4245 1977 4241 1977 4168 2003 4168 2101"/></Shape>
	    <String CONTENT="Le meme Jour Jl a vu chez mʳ. Gilesses et mʳ. de"
                    HPOS="4164"
                    VPOS="1977"
                    WIDTH="2259"
                    HEIGHT="234"></String>
          </TextLine>

          
          
          <TextLine ID="eSc_line_2352d6ad"
                    TAGREFS="LT634"
                    BASELINE="4117 2254 4845 2250 5972 2284" 
                    HPOS="4113"
                    VPOS="2139"
                    WIDTH="1859"
                    HEIGHT="200">
            <Shape><Polygon POINTS="4117 2254 4113 2284 4151 2313 4156 2313 4160 2313 4232 2318 4237 2318 4428 2275 4449 2275 4602 2275 4607 2284 4658 2326 4662 2326 4666 2326 4670 2330 4802 2330 4802 2326 4807 2326 4811 2326 4862 2288 4870 2279 4904 2288 4956 2305 4960 2305 4964 2305 4968 2305 5007 2292 5032 2284 5041 2292 5092 2335 5096 2335 5100 2335 5104 2335 5109 2335 5253 2296 5296 2288 5355 2301 5406 2309 5411 2309 5509 2305 5636 2296 5679 2309 5781 2339 5785 2339 5789 2339 5968 2313 5972 2284 5968 2203 5717 2198 5717 2194 5679 2160 5679 2156 5674 2156 5670 2156 5666 2156 5662 2156 5551 2190 5534 2194 5509 2190 5321 2147 5317 2147 5313 2147 5245 2177 5104 2147 5100 2147 5096 2147 5092 2147 5045 2177 5036 2181 5011 2177 4845 2139 4730 2139 4726 2139 4722 2139 4717 2139 4717 2143 4687 2169 4675 2177 4364 2173 4343 2160 4305 2139 4300 2139 4296 2139 4292 2139 4288 2139 4266 2156 4266 2160 4262 2156 4224 2139 4220 2139 4215 2139 4117 2152 4117 2254"/></Shape>
	    <String CONTENT="Wasnaau ambassadeurs Extraordinaires dhollande"
                    HPOS="4113"
                    VPOS="2139"
                    WIDTH="1859"
                    HEIGHT="200"></String>
          </TextLine>

          
          
          <TextLine ID="eSc_line_0f3a54bd"
                    TAGREFS="LT634"
                    BASELINE="4130 2437 6321 2458" 
                    HPOS="4130"
                    VPOS="2326"
                    WIDTH="2191"
                    HEIGHT="183">
            <Shape><Polygon POINTS="6308 2386 5891 2386 5879 2377 5785 2339 5781 2339 5777 2339 5772 2339 5696 2377 5691 2381 5521 2381 5513 2373 5483 2352 5479 2352 5475 2352 5470 2352 5287 2369 5241 2373 5228 2369 5138 2335 5134 2335 5130 2335 5126 2335 5049 2364 5032 2373 5024 2364 4981 2330 4977 2330 4973 2330 4968 2330 4964 2330 4960 2330 4921 2356 4743 2330 4739 2330 4734 2330 4666 2360 4573 2326 4568 2326 4385 2326 4381 2326 4377 2326 4373 2326 4330 2352 4207 2326 4203 2326 4198 2326 4194 2326 4194 2330 4168 2356 4160 2360 4130 2356 4130 2437 4130 2479 4190 2462 4305 2479 4381 2492 4385 2492 4390 2492 4394 2492 4411 2479 4445 2462 4556 2462 4679 2483 4747 2492 4751 2492 4756 2492 4777 2483 4811 2466 4973 2466 5002 2483 5028 2500 5032 2500 5036 2500 5041 2505 5160 2505 5160 2500 5164 2500 5168 2500 5189 2483 5206 2471 5321 2483 5513 2505 5517 2505 5713 2483 5811 2475 5874 2483 6019 2509 6023 2509 6317 2483 6321 2458 6321 2445 6308 2386"/></Shape>
	    <String CONTENT="Le 8. Jl a eté chez mʳ. Logeois a Nogent Sur marne auec"
                    HPOS="4130"
                    VPOS="2326"
                    WIDTH="2191"
                    HEIGHT="183"></String>
          </TextLine>

          
          
          <TextLine ID="eSc_line_c82003c3"
                    TAGREFS="LT634"
                    BASELINE="4092 2564 6096 2603" 
                    HPOS="4088"
                    VPOS="2454"
                    WIDTH="2008"
                    HEIGHT="208">
            <Shape><Polygon POINTS="4092 2564 4088 2603 4105 2615 4109 2615 4113 2615 4117 2615 4232 2590 4258 2586 4373 2594 4764 2620 4768 2620 4875 2603 5066 2645 5070 2645 5075 2645 5172 2603 5215 2645 5215 2649 5219 2649 5224 2649 5228 2649 5636 2620 5670 2654 5670 2658 5674 2658 5679 2658 5870 2662 5874 2662 6091 2615 6096 2603 6096 2526 6011 2488 6006 2488 6002 2488 5789 2513 5717 2483 5713 2483 5708 2483 5704 2483 5700 2483 5662 2517 5657 2517 5564 2496 5560 2496 5453 2513 5406 2475 5402 2475 5398 2475 5394 2475 5266 2479 5262 2479 5258 2479 5219 2505 5189 2475 5189 2471 5185 2471 5181 2471 5177 2471 5172 2471 5168 2471 5109 2505 4802 2505 4683 2466 4679 2466 4675 2466 4556 2488 4534 2462 4530 2462 4530 2458 4526 2458 4522 2458 4517 2458 4317 2492 4275 2458 4275 2454 4271 2454 4266 2454 4186 2454 4181 2454 4177 2454 4092 2488 4092 2564"/></Shape>
	    <String CONTENT="Madame de valance et mʳ. le Chevalier de Contade"
                    HPOS="4088"
                    VPOS="2454"
                    WIDTH="2008"
                    HEIGHT="208"></String>
          </TextLine>

          
          
          <TextLine ID="eSc_line_e5ad063c"
                    TAGREFS="LT634"
                    BASELINE="4134 2730 6393 2798" 
                    HPOS="4130"
                    VPOS="2607"
                    WIDTH="2263"
                    HEIGHT="246">
            <Shape><Polygon POINTS="6389 2730 6347 2717 6342 2713 6202 2713 6198 2709 6117 2654 6113 2654 6108 2654 5896 2649 5891 2649 5887 2649 5883 2649 5828 2696 5828 2700 5819 2696 5755 2671 5751 2671 5747 2671 5547 2688 5534 2688 5530 2688 5351 2637 5347 2637 5343 2637 5338 2637 5334 2637 5283 2675 5130 2675 5058 2637 5053 2637 5049 2637 5045 2637 5041 2637 4990 2671 4985 2675 4951 2671 4696 2624 4692 2624 4687 2624 4611 2658 4602 2662 4594 2658 4509 2607 4505 2607 4500 2607 4496 2607 4492 2607 4398 2654 4394 2654 4385 2654 4262 2615 4258 2615 4254 2615 4134 2641 4134 2730 4130 2751 4203 2790 4207 2790 4437 2798 4441 2798 4445 2798 4449 2798 4492 2764 4551 2764 4756 2768 4764 2773 4832 2811 4836 2811 4841 2811 4845 2811 4943 2781 4964 2777 5104 2790 5309 2807 5313 2807 5317 2807 5347 2798 5385 2790 5432 2802 5521 2828 5526 2828 5530 2828 5534 2828 5585 2811 5619 2798 5679 2811 5721 2824 5725 2824 5730 2824 5802 2819 5925 2807 5964 2824 6006 2845 6011 2845 6142 2849 6147 2849 6151 2849 6181 2832 6202 2824 6236 2836 6287 2853 6291 2853 6296 2853 6389 2841 6393 2798 6393 2734 6389 2730"/></Shape>
	    <String CONTENT="Le 9. Jl a eté chez mʳ. de Romieux chez mʳ. D&#39;argenson"
                    HPOS="4130"
                    VPOS="2607"
                    WIDTH="2263"
                    HEIGHT="246"></String>
          </TextLine>

          
          
          <TextLine ID="eSc_line_eba76830"
                    TAGREFS="LT634"
                    BASELINE="4096 2858 6470 2943" 
                    HPOS="4092"
                    VPOS="2751"
                    WIDTH="2378"
                    HEIGHT="256">
            <Shape><Polygon POINTS="4096 2858 4092 2888 4322 2888 4334 2896 4351 2909 4356 2909 4360 2909 4364 2909 4368 2909 4411 2896 4449 2888 4539 2900 4577 2939 4577 2943 4581 2943 4585 2943 4687 2947 4692 2947 4866 2913 4921 2905 5028 2905 5045 2922 5092 2960 5096 2960 5100 2960 5104 2960 5109 2960 5232 2926 5270 2917 5300 2930 5394 2973 5398 2973 5402 2973 5589 2939 5623 2934 5666 2943 5874 2990 5879 2990 5883 2990 5964 2951 5968 2951 5976 2956 6032 2968 6036 2968 6040 2968 6045 2968 6066 2956 6087 2947 6117 2960 6227 3002 6232 3002 6415 3007 6419 3007 6423 3007 6427 3007 6466 2973 6470 2943 6470 2866 6398 2832 6393 2832 6389 2832 6274 2849 6215 2824 6210 2824 6206 2824 6202 2824 6198 2824 6198 2828 6168 2858 6108 2858 5653 2811 5649 2811 5517 2832 5398 2794 5394 2794 5389 2794 5385 2794 5381 2794 5343 2824 5164 2824 5121 2785 5117 2785 5113 2785 5109 2785 5104 2785 5100 2785 5070 2807 4921 2777 4917 2777 4913 2777 4824 2807 4794 2777 4794 2773 4790 2773 4785 2773 4781 2773 4594 2794 4483 2764 4479 2764 4475 2764 4471 2764 4364 2790 4334 2764 4330 2764 4326 2764 4322 2764 4211 2781 4173 2751 4168 2751 4164 2751 4160 2751 4156 2751 4096 2777 4096 2858"/></Shape>
	    <String CONTENT="Ministre des affaires Etrangeres chez mʳ. de Wasnaau mʳ. Gilesses"
                    HPOS="4092"
                    VPOS="2751"
                    WIDTH="2378"
                    HEIGHT="256"></String>
          </TextLine>

          
          
          <TextLine ID="eSc_line_a492f915"
                    TAGREFS="LT634"
                    BASELINE="4096 3002 4968 3015 5781 3070 6359 3079" 
                    HPOS="4092"
                    VPOS="2896"
                    WIDTH="2267"
                    HEIGHT="204">
            <Shape><Polygon POINTS="4096 3002 4092 3041 4517 3028 4636 3058 4662 3066 4666 3066 4670 3066 4717 3062 4815 3049 4862 3066 4892 3075 4896 3075 4900 3075 4904 3075 4934 3066 5011 3045 5126 3070 5134 3070 5138 3070 5155 3070 5372 3058 5436 3079 5496 3096 5500 3096 5504 3100 6355 3100 6359 3079 6359 2998 6330 2977 6325 2977 6321 2977 6317 2977 6313 2977 6253 2998 6219 2998 5985 2985 5955 2956 5951 2956 5947 2956 5942 2956 5938 2956 5870 2981 5785 2960 5781 2960 5777 2960 5772 2960 5704 2977 5500 2939 5496 2939 5492 2939 5402 2968 5338 2934 5334 2934 5330 2934 5326 2934 5270 2960 5096 2926 5092 2926 4947 2951 4849 2917 4845 2917 4841 2917 4653 2943 4649 2943 4645 2943 4526 2905 4522 2905 4517 2905 4330 2930 4279 2896 4275 2896 4271 2896 4266 2896 4096 2922 4096 3002"/></Shape>
	    <String CONTENT="chez mʳ. de Puysieux chez mʳ. le Cardinal Tancin ou il"
                    HPOS="4092"
                    VPOS="2896"
                    WIDTH="2267"
                    HEIGHT="204"></String>
          </TextLine>

          
          
          <TextLine ID="eSc_line_5de6d6da"
                    TAGREFS="LT634"
                    BASELINE="4096 3138 6495 3232" 
                    HPOS="4092"
                    VPOS="3024"
                    WIDTH="2403"
                    HEIGHT="255">
            <Shape><Polygon POINTS="6487 3151 6398 3151 6279 3092 6274 3092 5976 3083 5972 3083 5968 3083 5964 3083 5900 3126 5768 3075 5764 3075 5760 3075 5547 3113 5343 3062 5338 3062 5334 3062 5330 3062 5236 3092 5172 3053 5168 3053 5164 3053 5160 3053 5155 3053 5151 3053 5079 3096 4994 3096 4994 3092 4960 3062 4960 3058 4956 3058 4951 3058 4947 3058 4943 3058 4858 3087 4853 3087 4777 3058 4773 3058 4768 3058 4764 3058 4709 3075 4649 3028 4645 3028 4641 3028 4636 3028 4632 3028 4492 3070 4483 3070 4334 3070 4334 3066 4309 3032 4305 3032 4305 3028 4300 3028 4296 3028 4292 3028 4288 3028 4237 3049 4211 3024 4207 3024 4203 3024 4198 3024 4194 3024 4096 3053 4096 3138 4092 3172 4611 3172 4670 3194 4692 3202 4696 3202 4700 3202 4747 3198 4853 3181 4951 3202 5041 3224 5045 3224 5130 3211 5194 3198 5211 3211 5228 3228 5228 3232 5232 3232 5236 3232 5241 3232 5245 3232 5249 3232 5266 3215 5275 3211 5338 3215 5496 3232 5500 3232 5543 3224 5594 3211 5611 3228 5628 3241 5628 3245 5632 3245 5636 3245 5968 3266 5972 3266 5976 3266 6040 3241 6045 3241 6053 3241 6274 3279 6279 3279 6491 3253 6495 3232 6495 3164 6487 3151"/></Shape>
	    <String CONTENT="a diné apres diné il a eté chez mʳ. L&#39;ambassadeur d&#39;Espagne"
                    HPOS="4092"
                    VPOS="3024"
                    WIDTH="2403"
                    HEIGHT="255"></String>
          </TextLine>

          
          
          <TextLine ID="eSc_line_0d803f95"
                    TAGREFS="LT634"
                    BASELINE="4100 3287 5828 3360 6487 3352" 
                    HPOS="4092"
                    VPOS="3164"
                    WIDTH="2391"
                    HEIGHT="259">
            <Shape><Polygon POINTS="4096 3283 4092 3309 4300 3355 4305 3355 4309 3355 4415 3326 4505 3355 4509 3355 4513 3355 4517 3355 4573 3330 4692 3385 4696 3385 4956 3389 4960 3389 4964 3389 4968 3389 5028 3351 5147 3381 5151 3381 5155 3381 5160 3381 5219 3364 5283 3406 5287 3406 5292 3406 5296 3406 5496 3364 5509 3364 5530 3368 5768 3423 5772 3423 6023 3385 6040 3385 6053 3389 6138 3415 6142 3415 6147 3415 6151 3415 6198 3394 6210 3389 6232 3394 6330 3419 6334 3419 6338 3419 6478 3402 6483 3351 6478 3287 6368 3241 6364 3241 6359 3241 6355 3241 6279 3279 6262 3287 6185 3283 6181 3279 6151 3249 6151 3245 6147 3245 6142 3245 6138 3245 5942 3270 5887 3275 5870 3266 5823 3245 5819 3245 5815 3245 5811 3245 5772 3262 5768 3266 5538 3266 5521 3253 5470 3228 5466 3228 5462 3228 5457 3228 5453 3228 5423 3253 5415 3258 5334 3258 5330 3249 5300 3224 5300 3219 5296 3219 5292 3219 5287 3219 5283 3219 5215 3245 5211 3249 5206 3245 5164 3202 5164 3198 5160 3198 5155 3198 4930 3190 4926 3190 4921 3190 4824 3232 4781 3190 4781 3185 4777 3185 4773 3185 4768 3185 4764 3185 4696 3219 4624 3181 4619 3181 4615 3181 4611 3181 4607 3181 4547 3224 4492 3177 4488 3177 4483 3177 4385 3172 4381 3172 4377 3172 4309 3207 4211 3164 4207 3164 4203 3164 4198 3164 4194 3164 4143 3211 4139 3211 4096 3211 4096 3283"/></Shape>
	    <String CONTENT="chez mr. Lambaffadeur de Naples et chez mʳ. le Duc de"
                    HPOS="4092"
                    VPOS="3164"
                    WIDTH="2391"
                    HEIGHT="259"></String>
          </TextLine>

          
          
          <TextLine ID="eSc_line_215054d6"
                    TAGREFS="LT634"
                    BASELINE="4083 3445 4441 3432" 
                    HPOS="4079"
                    VPOS="3313"
                    WIDTH="362"
                    HEIGHT="187">
            <Shape><Polygon POINTS="4083 3445 4083 3500 4249 3470 4283 3491 4288 3491 4292 3491 4296 3491 4300 3491 4305 3491 4339 3466 4437 3479 4441 3432 4428 3334 4258 3338 4245 3334 4190 3313 4186 3313 4181 3313 4079 3334 4083 3445"/></Shape>
	    <String CONTENT="Charost"
                    HPOS="4079"
                    VPOS="3313"
                    WIDTH="362"
                    HEIGHT="187"></String>
          </TextLine>

          
          
          <TextLine ID="eSc_line_32c82549"
                    TAGREFS="LT634"
                    BASELINE="4109 3594 4964 3611 6444 3670" 
                    HPOS="4105"
                    VPOS="3449"
                    WIDTH="2339"
                    HEIGHT="272">
            <Shape><Polygon POINTS="4109 3594 4105 3615 4322 3615 4339 3623 4377 3657 4381 3657 4385 3657 4390 3657 4547 3632 4598 3623 4675 3636 4819 3657 4824 3657 5011 3645 5092 3640 5113 3649 5181 3679 5185 3679 5189 3679 5194 3679 5198 3679 5228 3653 5236 3649 5258 3653 5475 3696 5479 3696 5483 3696 5538 3670 5760 3670 5896 3670 5904 3674 5989 3713 5993 3713 5998 3713 6142 3687 6210 3721 6215 3721 6219 3721 6440 3687 6444 3670 6440 3581 6266 3551 6262 3551 5998 3560 5947 3508 5947 3504 5942 3504 5938 3504 5836 3500 5649 3496 5645 3496 5640 3496 5534 3530 5411 3487 5406 3487 5402 3487 5398 3487 5304 3534 5224 3483 5219 3483 5215 3483 5211 3483 5206 3483 5202 3483 5155 3526 5109 3487 5109 3483 5104 3483 5100 3483 5096 3483 5092 3483 4994 3526 4990 3526 4845 3483 4841 3483 4836 3483 4832 3483 4785 3504 4726 3466 4722 3466 4717 3466 4713 3466 4709 3466 4577 3508 4509 3453 4505 3453 4500 3453 4496 3453 4296 3491 4245 3449 4241 3449 4237 3449 4232 3449 4228 3449 4224 3449 4156 3496 4151 3496 4109 3496 4109 3594"/></Shape>
	    <String CONTENT="Le 10. Jl a eté chez Mʳ. L&#39;ambassadeur d&#39;Espagne chez"
                    HPOS="4105"
                    VPOS="3449"
                    WIDTH="2339"
                    HEIGHT="272"></String>
          </TextLine>

          
          
          <TextLine ID="eSc_line_b9bd8d3e"
                    TAGREFS="LT634"
                    BASELINE="4062 3764 4977 3772 6419 3819" 
                    HPOS="4058"
                    VPOS="3640"
                    WIDTH="2361"
                    HEIGHT="234">
            <Shape><Polygon POINTS="4062 3764 4058 3815 4241 3781 4271 3806 4271 3810 4275 3810 4279 3810 4283 3810 4407 3802 4441 3827 4445 3832 4449 3832 4454 3832 4615 3836 4619 3836 4624 3836 4628 3836 4636 3827 4679 3793 4760 3793 4956 3798 5002 3836 5015 3845 5019 3845 5024 3845 5100 3849 5104 3849 5109 3849 5134 3836 5185 3810 5228 3832 5232 3832 5236 3832 5368 3810 5423 3836 5428 3836 5432 3836 5564 3819 5606 3845 5619 3849 5623 3849 5628 3849 5632 3849 5653 3845 5751 3819 5840 3845 5917 3870 5921 3870 5925 3870 6019 3849 6040 3845 6062 3849 6142 3874 6147 3874 6151 3874 6253 3853 6330 3836 6406 3853 6419 3819 6415 3747 6219 3738 6189 3708 6189 3704 6185 3704 6181 3704 6176 3704 6172 3704 6074 3734 6019 3691 6015 3691 6011 3691 6006 3691 6002 3691 5925 3730 5917 3730 5857 3730 5738 3674 5734 3674 5730 3674 5725 3674 5721 3674 5649 3721 5572 3721 5504 3670 5500 3670 5496 3670 5492 3670 5487 3670 5483 3670 5419 3713 5283 3708 5232 3670 5228 3670 5224 3670 5219 3670 5215 3670 5143 3708 5053 3679 5049 3679 5045 3679 5041 3679 4968 3700 4926 3657 4926 3653 4921 3653 4917 3653 4636 3649 4632 3649 4628 3649 4568 3670 4500 3645 4496 3645 4492 3645 4488 3645 4483 3645 4428 3687 4368 3640 4364 3640 4360 3640 4356 3640 4351 3640 4245 3666 4203 3645 4198 3645 4194 3645 4190 3645 4186 3645 4122 3683 4062 3683 4062 3764"/></Shape>
	    <String CONTENT="Mʳ. Lambassadeur de Naples chez mᵈᵉ. de Groslay et"
                    HPOS="4058"
                    VPOS="3640"
                    WIDTH="2361"
                    HEIGHT="234"></String>
          </TextLine>

          
          
          <TextLine ID="eSc_line_7945231a"
                    TAGREFS="LT634"
                    BASELINE="4079 3917 5275 3942" 
                    HPOS="4075"
                    VPOS="3802"
                    WIDTH="1200"
                    HEIGHT="179">
            <Shape><Polygon POINTS="4075 3938 4113 3959 4117 3959 4122 3959 4258 3938 4275 3938 4300 3938 4556 3968 4560 3968 4811 3951 4836 3951 4841 3951 4900 3976 4904 3976 4909 3976 4913 3976 4968 3955 4973 3955 5109 3981 5113 3981 5270 3959 5275 3942 5270 3870 5206 3866 5164 3827 5164 3823 5160 3823 5155 3823 5151 3823 5147 3823 5075 3853 5024 3832 5019 3832 5015 3832 4896 3853 4883 3857 4875 3853 4828 3815 4824 3815 4819 3815 4653 3815 4649 3815 4645 3815 4641 3815 4598 3845 4585 3853 4509 3853 4500 3840 4466 3810 4466 3806 4462 3806 4458 3806 4454 3806 4449 3806 4373 3836 4347 3849 4283 3849 4262 3832 4215 3802 4211 3802 4207 3802 4203 3802 4198 3802 4143 3827 4117 3840 4083 3827 4079 3917 4075 3938"/></Shape>
	    <String CONTENT="chez mʳ. le Duc de Bethune"
                    HPOS="4075"
                    VPOS="3802"
                    WIDTH="1200"
                    HEIGHT="179"></String>
          </TextLine>

          
          
          <TextLine ID="eSc_line_5db59489"
                    TAGREFS="LT634"
                    BASELINE="4100 4095 6423 4129" 
                    HPOS="4100"
                    VPOS="3972"
                    WIDTH="2323"
                    HEIGHT="221">
            <Shape><Polygon POINTS="4100 4095 4100 4159 4164 4125 4215 4159 4220 4159 4224 4159 4228 4159 4232 4159 4237 4159 4262 4138 4288 4159 4292 4159 4292 4164 4296 4164 4300 4164 4390 4168 4394 4168 4398 4168 4437 4159 4556 4129 4670 4129 4709 4159 4722 4168 4726 4168 4730 4168 4734 4168 4802 4159 4943 4134 4998 4155 5045 4176 5049 4176 5053 4176 5258 4155 5360 4147 5453 4155 5611 4172 5615 4172 5619 4172 5674 4155 5704 4147 5806 4151 5806 4155 5840 4185 5840 4189 5845 4189 5849 4189 5853 4189 6040 4168 6227 4193 6232 4193 6419 4151 6423 4129 6410 4006 6321 4049 6253 4049 6202 4006 6198 4002 6193 4002 6189 4002 6185 4002 6181 4002 6168 4006 6087 4040 5666 4040 5598 4006 5555 3989 5551 3989 5547 3989 5543 3989 5538 3989 5517 4006 5487 4032 5423 4010 5389 3998 5385 3998 4973 3981 4968 3981 4964 3981 4900 4010 4879 4019 4819 4010 4611 3976 4607 3976 4602 3976 4509 4010 4500 4015 4500 4010 4466 3981 4466 3976 4462 3976 4458 3976 4390 3972 4385 3972 4381 3972 4377 3972 4309 4010 4305 4015 4300 4010 4215 3976 4211 3976 4207 3976 4203 3976 4198 3976 4156 4010 4151 4015 4100 4015 4100 4095"/></Shape>
	    <String CONTENT="Le 11. Jl a eté chez mʳ. le Cardinal Tancin chez mʳ. de"
                    HPOS="4100"
                    VPOS="3972"
                    WIDTH="2323"
                    HEIGHT="221"></String>
          </TextLine>

          
        </TextBlock>
        
        <TextBlock HPOS="6271"
                   VPOS="737"
                   WIDTH="182"
                   HEIGHT="103"
                   ID="eSc_textblock_dff3b7ce"
                   TAGREFS="BT1653">
          <Shape><Polygon POINTS="6271 737 6271 840 6453 840 6453 737"/></Shape>
          
        </TextBlock>
        
        <TextBlock HPOS="3979"
                   VPOS="1365"
                   WIDTH="204"
                   HEIGHT="146"
                   ID="eSc_textblock_46e05339"
                   TAGREFS="BT1656">
          <Shape><Polygon POINTS="3979 1365 3979 1511 4183 1511 4183 1365"/></Shape>
          
        </TextBlock>
        

        
      </PrintSpace>
    </Page>
  </Layout>
</alto>
