7300 5104
4266 791 2112 174 Raport des differens endroits ou a eté M. de Loss depuis le 6 aoust 1746

6279 791 131 85 202

4181 914 2293 179 Le 6. M. de Loss a vu chez lui M. l'ambʳ. de Venise, M. IEnvoyé de Suede, Madᵉ.

4168 1037 2255 162 Des alleurs M. le Mⁱˢ. des Essars Mʳˢ. le fort, et Madᵉ. De la Palun M. lEnvoye de

4186 1114 319 89 Dannemarck

4194 1152 2263 141 Le 7. M. de Less a eté chez M. lambʳ. de Portugal et chez Madᵉ. la marquise de

4164 1237 2276 183 Chabanet. jl a vu chez lui M. du Brever, M. le Mⁱˢ. de Proens, madᵉ. de vaugué,

4177 1352 2204 153 Madᵉ. De la Palun, Madᵉ. la Contesse de Severac, Mˡˡᵉ. de Calonge, Madᵉ. la

4168 1458 1894 171 Comtesse de Pierrecour, Madᵉ. de Riberac, et Madᵉ. de Bezval.

4173 1599 2259 132 Le 8. M. de Loss a eté chez Madᵉ. la marquise de Chabanet q jl a vû chez

5768 1514 668 136 + chez ?? lEnvoyé de Prusse

4143 1718 2191 144 lui deux fois, M. lEnvoyé de Russie, M. l'Envoyé de Palatin, Madᵉ. de Proens,

4130 1833 2272 170 Madᵉ. des Noyers, M. labbé de voigny, Madᵉ. des alleurs, Madᵉ. de Martel,

4130 1969 2289 174 Madᵉ. de Curzay, Madᵉ. la Comtesse Danneri, M. de Brever, Madᵉ. la Comtesse

4126 2109 2276 183 Davrincourt, Madᵉ. de Gergy, M. l'Envoyé de Dannemarck et M lambʳ. de

4134 2228 251 119 venise,

4143 2360 2293 204 Le 9. M. de Loss a eté chez M. le Cardˡ. de Tencin, chez M. lambʳ. d'Espagne

4113 2492 2306 200 chez Madᵉ. la Comterse de vaugrenan et chez M. Dargenson, jl a vu chez luy

4109 2615 2310 183 M. de Brever, M. de Sᵗ. vrion, Madᵉ. De la Palun, Madᵉ. de Sᵗ. severin, Madᵉ.

4109 2726 2301 187 de Riberac, Mˡˡᵉ. de Calonge, Mʳˢ. le fort, M. IEnvoyé de Dannemarck, M. de

4105 2849 1501 166 Janvry, madᵉ. de Baille et madᵉ. Des alleurs.

4130 2985 2302 209 Le 10. M. de Loss a eté a la Comedie françoise. jl a vu chez lui Mʳˢ. le fort

4088 3134 2297 175 Madᵉ. Des alleurs, M. le marquis de la Palun, madᵉ. de Bezval, Madᵉ. de

4079 3249 2302 191 Maulevrier, Madᵉ. la Princesse de Carignan, M. lEnvoyé de Suede, madᵉ. la

4075 3377 2221 153 Marquise de Marignanc, Madᵉ. de vaugué, Madᵉ. la Comtesse de Baille,

4079 3496 1715 144 Madᵉ. de Martel, Madᵉ. deRiberac, et Mˡˡᵉ. de Calonges.

4100 3628 2255 157 Le 11. M de Loss a vu chez lui M. de vanecq, M. l'abbé de Goesbriant

4062 3751 2289 170 et M. le Comte d'Estillac. jl a donné a diner a Madᵉ. de Curzé a Mᵉ. dancrès

4058 3883 2208 204 a Madᵉ. de Monconseil, a M. lambʳ. de venise, a M lEnvoyé de Genes, a
