7300 5104
1386 905 2225 260 Mʳ. de Wasnaav a Laissé ici un homme de

1395 1101 2225 264 Confiance pour recevoir ces Lettres et pour

1391 1288 1437 238 luy renvoyer a Berda.

6172 986 107 153 223

3883 814 281 177 M duual

3888 884 91 154 lû

4215 1093 2217 238 Ledit Jour il à eté a Putaut chez Mʳ. Dangé ou il a diné, apres diné

4190 1220 795 187 jl est revenu a Paris

4245 1361 2191 216 Le 28. Jla eté chez Mʳ. de Wasnaav chez Mʳ. Giles chez mʳ. Pragen

4190 1484 2216 230 ou il adiné après diné il aeté chez Mʳ. LEnvoyé de D'annemark

4181 1603 2178 247 chez Madame de Groslay, chez mʳ. le Duc de Charost et chez

4173 1752 1191 191 Madame la Comtesse de Braque.

4249 1884 2119 238 Le 29. Jl a eté a Nogent sur Marne chez Mʳ. Logeois ou

4168 1990 1468 234 il a diné apres diné il est revenu a Paris

4241 2143 2178 260 Le 30. Il a eté le matin chez Mʳ. de Puysieux chez Mʳ. D'argenson

4151 2275 2187 268 Ministre des affaires Etrangeres, et a Putaut chez mʳ. Dangé

4160 2394 2229 302 ou il a diné auec Mʳ. L'ambassadeur de Naples et mʳ. D'argenson

4147 2547 1123 187 apres diné il est revenu a Paris

4232 2654 2038 229 Le 31. Jl a vu le matin chez lui Mʳ. le Chevalier Lambert et

4156 2802 2114 239 vn officier hollandois qui est Logé ruë du Boulois a lhotel du

4122 2947 2203 221 Boulois, Jl a eté chez Mʳ. le Comte Loze, chez Mʳ. LEnvoyé de

4126 3066 1349 192 Prusse et chez Mʳ. le Cardinal Tancin

4215 3219 2017 243 Le 1ᵉʳ. 7ᵇʳᵉ. il a eté chez Mʳ. de Romieux chez mʳ. Pragen

4126 3351 2246 238 ou il a diné apres diné il a eté chez Mʳ. L'ambassadeur d'Espagne

4113 3487 2008 243 chez Mʳ. le Cardinal Tancin et chez Mʳ. le Duc de Charost.

4122 3645 2131 234 Le 2. 7ᵇʳᵉ. Il a vu chez lui Mʳ. le Chevalier Lambert anglois et

4113 3772 2136 247 trois officiers hollandois, Jl a eté chez mʳ. L'ambassadeur d'Espagne

4100 3930 2110 221 chez mʳ. LEnvoyé de Liege chez mʳ. le Comte Loze et chez mʳ.

4203 810 2144 223 Raport des differents endroits ou à eté Mʳ. Lambassadeur d'hollande

4134 922 1017 200 depuis le 27. aoust 1746.
