7300 5104
3760 725 323 155 M duual

3803 812 80 106 lû

6210 715 77 97 8

4037 620 2390 307 Raport des differents endroits ou aeté Mʳ.  L'ambassadeur

4045 893 1995 183 ordinaire d'hollande depuis le 3 May 1746.

4058 1025 2403 182 Ledit Iour jl a vu le matin chez trois officiers prisonniers

3939 1135 2433 187 de Guerres hollandois dont il y en adeux Logés l'hotel

4003 1254 2403 183 Dangleterre rue Jacob et l'autre ruë de la Croix des petits

4037 1386 2305 170 champs, et Mʳ. Dupin Fermier General Jl a eté

4041 1509 2374 175 chez Mʳ. le Marechal de Beljsle chez Mʳ. le Cardinal

4041 1629 2361 182 Tancin, chez Mʳ. Lambaffadeur de Portugal, chez

4011 1752 2263 200 Mʳ. de Wasnaau et Mʳ. Gilesse Ambassadeurs

4041 1871 1242 149 Extraordinaires d'hollande

4139 2020 2186 213 Le 4. Il aeté chez Mʳ. L'Envoyé de Prusse chez

4024 2164 2280 175 Mʳ. Le Cardinal Tancin ou il avu Mʳ. le Marechal

3964 2284 2153 191 de Beljsle, dela chez mʳ. de Saintamarante

4113 2428 2259 183 Le 5. IL a eté chez Mʳ. le Cardinal Tancin, chez

4024 2581 2314 158 Mʳ. le Clerc de Briette, chez Mʳ. de Romieux, chez

3998 2713 2340 179 Mʳ. Grenet Avocat, chez Mʳ. de savalet le fils

4058 2845 2212 187 chez mʳ. de sᵗ. Contest, chez Mʳ. Lambassadeur

3918 2964 2450 243 de Naples chez Mʳ. Lambassadeur d'Espagne

4054 3126 2190 187 chez Mʳ. LEnvoyé de Prusse et chez mᵈᵉ. la

4032 3258 2255 208 Duchesse de Mazarin ou il adiné apres diné

4041 3385 2289 226 Jl a eté chez mʳ. le Cardinal Tancin, ou il a vû

4015 3526 2251 238 Mʳ. le Nonce et mᵈᵉ. la Comtesse de Brucq, dela

4041 3700 2242 187 il est revenu chez lui y étant Mʳ. Le Duc de

4032 3827 2327 239 charost lui a Envoyé vue Lettre par vn domestique
