7300 5104
1220 1105 2421 196 et pendant ce tems Mʳ. Grosses a sortis avec mʳ le vice Chancelier

1229 1267 2335 145 et ils ont eté aux Thuilleries, ensuitte ils sont revenu et en

1229 1386 2399 162 arrivant mʳ. Grosses a trouvé chez mʳ. levice Chancellier mᵈᵉ.

1237 1518 2344 170 Daqueville et mʳ. Grosses l'a presenté a ceseigneur quil la

1254 1654 2383 149 tres bien recu elle est resté adiné et apres diné mʳ. Grosses

1263 1777 2327 162 l'a fait reconduire dans son Couvent, ensuitte Mʳ. le vice

1301 1905 2268 179 Chancelier Mᵈᵉ. son Epouse et mʳ. Grosses ont eté

1314 2037 2374 178 chez mᵈᵉ. de Lowend'hal, et dans plusieurs autres maisons

1395 2288 2182 149 On doute encore si Mʳ. levice Chancelier restera ici

1352 2420 2315 170 en france ou sil yra en hollande, cependant il se fait

1344 2560 2306 183 faire plusieurs habits, et meme Jl fait habiller ses

1348 2709 2302 208 Domestique, et on doit leurs livrer leurs habits cette

1301 2832 481 162 semaine

6188 747 71 163 39

4075 1084 2276 272 Monsieur le Baron de WarainZoffe Vice

4143 1301 2272 213 Chancellier de la Cour de Russie est arrivé a Paris

4164 1471 2208 175 hier 15. May a dix heures du Soir, avec Madame

4117 1633 2166 178 Son Epouse et Mademoiselle leur fille, deux

4117 1803 2268 166 Secretaires et plusieurs autres personnes de sa suitte

4109 1931 2276 187 ils étoient au nombre de Douze, Jl est Logé Ruë

4105 2075 2301 228 des Petits Augustins a L'hôtel de L'uxembourg garnie.

4109 2215 2267 209 Mʳ. Grosses Envoyé de Russie a eté audevant

4105 2394 2195 213 de lui jusqu'a Ville⟦juiff⟧ , on croit qu'il vient

5092 2360 161 132 Juif

4092 2556 2067 178 ici en quatité D'ambassadeur et qu'il poura

4088 2683 2305 247 aller aupres du Roi en flandre dans quelques

4083 2862 302 183 Jours.

4313 3062 719 272 Ce 16. may 1746.
