7300 5092
6311 598 46 242 7

4031 763 2343 170 Raport des differents endroits ou a été Mʳ. L'ambassadeur

4087 891 2283 169 Extraordinaire d'Espagne depuis le Lundy 2. may 1746 quil

4087 1022 1723 157 est revenu a paris aprés le depart du Roi

4116 1145 2271 149 Le dit Jour 2. mai Mʳ. L'ambassadeur est arrivé a Paris

4082 1273 2347 161 a 5. heures du matin et a six heures il a fait partir vn courier

4082 1383 2352 174 pour L'Espagne ; le meme jour il adiné chez mʳ. L'ambassadʳ.

4082 1497 2352 179 ordʳᵉ. dhollande après diné il a eté chez mʳ. L'Envoyé de Liège

4121 1620 2325 200 Le 3 IL a eté chez mʳ. L'ambassadeur ordʳᵉ. d'Espagne, dela a L'opera

4065 1718 2250 216 au sortir de Lopera il a eté Soupé chez mʳ. LEnvoye de Liege

4163 1867 2258 178 Le 4. Il a eté a laCademie de la Gueriniere dela chez mʳ. le

4065 1990 2335 174 Duc de Nevers, chez Mᵈᵉ. la Duchesse de Galance et soupé chez

4053 2091 1180 132 Mᵈᵉ. la Duchesse Sᵗ. Pierre

4172 2227 2223 166 Le 5. Il a eté chez Mʳ. de Maurepas chez mʳ. D'aubrien

4082 2355 2254 165 Jl a eté sepromené aux Thuillerie, et soupé chez mʳ.

4082 2461 858 152 LEnvoyé de Liege

4201 2575 1800 157 Le 6. IL est partis lematin pour Versailles

4121 2707 2211 191 Mʳ. Lambassadeur doit partir jncessemment pour

4065 2830 2275 182 la flandre, il adonné ici les ordres necessaires pour

4082 2961 2220 183 lui lever vn Equipage, lequel doit etre composé

4082 3084 2139 179 de 8. mulets, deux quaissons, vn grand chariot

4078 3203 2241 208 Couvert, plusieurs chevaux de suitte et d'Equipages

4099 3386 2055 169 tout doit etre prest vers le 12. dupresent mois
