8004 6132
6537 1839 144 138 48

5057 1840 1403 219 du Jeudie 21^e mars 1726

4922 2038 1824 241 a cinq heures du soir Monsieur

4911 2202 1932 230 le prince scarpin est chéz uenu

4916 2325 1871 286 chéz Madame la Duchesse De B..

4927 2498 1656 235 Madame la duchesse De B...

4922 2652 1804 260 est sortie auec le prince a six

4901 2836 1830 219 heures, Et sont alléz rüe pot de

4896 2963 1855 261 fer derriere S^t sulpice chéz —

4906 3106 1728 256 Monsieur le Comte Debethune

4901 3280 1866 251 qui n'ont pas trouuéz, le prince

4901 3454 1871 235 a quitté la duchesse, elle est allé

4886 3612 1824 210 dans la mesme rüe a l'hostel

4881 3755 1758 266 Delanghac chéz Monsieur le

4896 3924 1773 240 mareschal Daleigne ou elle

4896 4103 1089 189 a restée une heure

4860 4266 1789 230 Ensuite elle est allé proche les

4876 4420 1911 224 Inualides rüe de Varenne a l'hostel

4876 4593 1661 195 de matignon, ou elle n'a trouuée

4860 4731 532 180 personne
