7992 6132
2403 1906 1355 219 Du 26 feurier 1729

1973 2100 1979 250 Mʳ. Le Conte de sainte Croix

1994 2268 2035 230 est uenu a dix heures du matin

1948 2437 1948 235 Chez Mʳ. de Macanas, et y a

1943 2565 2045 250 resté a diné ; il en est sorty a trois

1968 2728 1953 261 heures pour retourner Chez luy ;

1943 2902 2029 286 A Deux heures de laprès midy

1953 3066 2219 291 un des secretaires de Mʳ. Le ⟦duc de⟧

1943 3244 2076 261 Bournonuille premier ambassadʳ.

1958 3423 2076 302 d'espagne s'est presentés, et on luy a

1958 3648 2035 256 fait reponce quil ne pouvoit pas

1948 3771 2081 337 parler pour Le present sur quoy

1963 3960 1917 255 il a esté auec un de ses amis

1953 4118 2066 317 au Cabaret de la treille, et s'en

1963 4317 2127 266 est reuenu sur les quatre heures

1963 4547 2025 205 Chez Mʳ. de Macanas auec qui

1958 4711 2101 286 il a Reste jusques a Cinq heures,

6279 1890 173 179 296

4474 1895 1840 240 pour retourner a Lhotel de

4525 2064 1856 169 Luxembourg ou il demeure

4520 2217 1871 259 rue des petits augustins, et on

4504 2350 1810 308 N'a put en scauoir Le nom ;

4494 2524 1779 240 A Deux heures et Demy

4545 2708 1928 204 Les deux Chanoines jtaliens

4509 2866 1836 235 de la rue du four Carefour

4514 3020 1851 265 de la Croix rouge sont aussy

4504 3178 1785 261 extrez, et restez dans une

4494 3341 1953 266 antichambre jusques a Ce que

4504 3474 2051 281 Mʳ. Le Conte de sainte Croix

4489 3668 1892 292 ayt esté party ; et sont ensuitte

4463 3847 2092 271 Sortys a six heures pour retourner

4525 4016 1973 271 Chez eux, ou on ne Les Connois

4504 4179 2025 297 que par Les noms de Chanoines

4484 4338 1979 312 Jtaliens ; au sur plus on a appris

4484 4517 1922 276 que Mʳ. de Macanas auroit la

4468 4690 1882 338 qualité d'envoyé auant peu de

5926 4844 378 179 Temps
