7992 6120
1468 632 2352 235 de quelque imprimerie ou de quelque

1463 867 2367 239 Maison où les Jansenistes font —

1463 1116 2377 210 travailler ; Car ce n'est gueres qu'en —

1468 1346 2454 240 donnant des indications que l'on oblige

1468 1565 2408 240 les Souuerains à faire ce qu'on leur —

1463 1815 2265 219 demande en pareilles matieres,

1463 2045 2489 239 parcequ'autrement ils eludent l'execution

1453 2284 2474 266 des promesses qu'ils font endisant que

1463 2519 1581 194 l'on n'a rien de couvert.

1365 2718 2577 366 Je ne connois point du tout le Baron

1433 2973 2448 285 de Mevoff, Je seray jeudy à Paris et je

1458 3233 2453 229 crois que ce qu'il y a de meilleur à faire

1448 3452 2377 250 est que vous luy fassiez dire qu'il ait

1448 3687 2331 229 à se rendre ce jour là entre quatre et

1448 3921 2300 250 cinq heures de l'après midy chez moy

1443 4151 2407 250 ou je l'obligeray à me rendre compte de

1443 4391 2382 244 sa pretendue Mission et de ce qu'il fait

1468 4620 2362 276 à Paris, si vous craigniez qu'au lieu

6895 455 268 445 250

4845 627 2249 260 de s'y rendre, il prit le party de s'evader

4850 902 2336 199 il seroit bon dans le meme tems que l'on

4834 1122 2280 229 luy donnera l'auertissement, de le faire

4834 1366 516 194 obseruer

4799 1570 1637 255 Je suis très parfaitement

4717 1866 939 474 Monsieur

5477 1934 1744 794 Votre affectionné Seruiteur

4029 5416 637 270 M. herault

6222 2657 913 295 Chauuelin
