7980 6132
6778 1267 113 138 12

5020 1134 1998 255 a fontainebleau le 23 8ᵇʳᵉ. 1725.

4452 1328 1089 303 aller chez m. dessjus?

4457 1487 1324 214 Menuoye chercher Le Curé

4437 1676 792 286 de font. bleau

4805 1870 2183 204 Mgr le Duc vient de m'ordonner

4830 2028 2168 230 Monsieur de vous ecrire de sa part

4841 2212 2065 230 que vous vous jnformies s'il y a

4830 2386 2209 271 vn orfeure dans la rue de la pelleterie

4846 2555 2198 235 qui s'appelle La Tourrée, et s'il y en

4836 2733 2188 230 a vn de ce nom la, que vous le fassier

4825 2948 2086 169 examiner, pour scauoir ses alures,

4830 3081 2071 225 ou jl và, qui jl frequente, sil est

4830 3260 2204 214 riche et enfin tout ceque vous pourrés

4820 3413 2255 245 en scavoir sans qu'il puissé s'aperceuoir

4810 3582 2249 270 de rien, ny luy donner aucun soubçon

4820 3755 2066 220 et lundy prochain vous en rendres

4825 3919 2193 255 compte a S. a S. je profite toujours
