8028 6132
6730 1982 132 143 127

5723 1911 971 209 Du 14. Juin 1726.

5222 2089 1758 328 L'ambassadeur est sorty de chez

5564 2284 1339 194 luy Seul dans son Carosse a

5559 2391 1094 204 vnze heures trois quarts.

5529 2544 1451 345 Jl a été chez M. Gruyn garde

5529 2723 1395 220 du tresor Royal ou jl na pas

5600 2876 256 169 Entré.

5518 2928 1513 245 dans la même Rue jl a dessendu

5575 3071 1420 235 chez vn sellier pour y voir vn —

5575 3188 1451 251 Carosse que l'on fait pour vn —

5600 3306 1426 240 ambassadeur, ou jl a resté vne —

5605 3479 879 184 bonne demie heure.

5610 3582 1421 261 a l'hôtel de Talars Rue du grand

5631 3740 1456 220 Chantier ou jl a resté vne bonne

5626 3960 342 133 heure.

5631 3980 1477 325 au Temple chez M. le Com̃andeur

5590 4144 1482 209 de Caumartin ou jl a diné et d'ou

5651 4277 1477 240 Jl n'est sorty qu'a cinq heures ; vn

5667 4415 1384 255 Carosse a six cheuaux a luy est
