8028 6132
2023 1257 1922 209 qu'a s'acheuer tandis que les chevaux

2028 1364 2223 230 decamperent, les reflexions uinrent mais

2044 1507 2217 235 trop tard, il courut Le Lendemain pour chercher

2038 1645 2188 276 Son argent, il ne trouua Ny Le marquis ny

2049 1768 2212 316 Son pretendû hôtel, il en a porté ses plaintes

2069 1941 2167 261 et on en est maintenant aux perquisitions

2146 2141 2080 240 Le pain diminue considerablement, et il

2044 2279 2141 270 s'en uend dans les marchez de tres beau

2059 2452 2151 251 a six blancs, il parôit de tous côtez que

2049 2667 1144 189 L'abondance ua reuenir

2130 2800 2142 276 L'on mande de Bruxelle que L'archiduchesse

2074 2974 1937 235 toujours occupée du desir derendre agreable Son

2090 3076 2059 296 gouuernement des rentes quons dés obligés de créer sur Eux

2095 3209 1998 286 les entreprenneurs des monts de pieté pour donner les fonds

2095 3336 1998 297 quils auoient Emprunté a Larchiduc Albere qui regnoit

2095 3464 2008 281 en ce temps La, auec l'infame Isabelle Le soing que prend

2095 3612 2003 276 Cette princesse aujourdhuy, sera dautant plus utile pour le

2100 3755 1936 287 commerce, que ceux qui auront besoing à lauenir du

2095 3858 2115 321 secours des monts de pieté, y pourront Emprunter a terme

2090 4021 2110 301 sans jntérest parce quil y à d'ailleurs des fonds jna?crales?,

6193 1066 255 334 105

4527 1231 1135 179 pour payer les officiers ou commis

4450 1359 2152 219 Lon a arresté vn lutherien a la h'aye pour auoir fait

4537 1487 2090 219 une satire sur le retard du jubilé en france et pour auoir

4527 1640 1967 209 manqué de respect au pape et aux princes chrestiens

4527 1762 1886 241 on loüe icy cette sage politique de leurs hauttes

4517 1885 1962 271 puissances qui ne permettent pas qu'aucun Etranger

4517 2100 531 168 seLicentie ;

4542 2222 2055 261 La grande affaire de Mademoiselle Binot fille de

4548 2360 2064 251 monsieur Binot Destoutteuille à Eté plaidée ces jours

4532 2498 2121 261 passés par Monsieur lauocat general qui aparlé

4527 2631 2172 276 pendant deux heures à l'ocasion du Mariage singulier

4542 2769 1973 276 de cette demoiselle qui suivant l'opinion des plus

4542 2928 2106 270 anciens du palais renferme plus dincidens et des faits

4537 3071 1957 255 Extraordinaires qu'on ny en ait jamais vû ; lon

4563 3244 1926 241 craint pour les parties vn arrêt quy reste pour

4553 3362 1967 281 Exemple a la posteritté pour seruir de regle et

4558 3500 2110 286 de loi atous ceux qui nen voudroient pas suiure

4522 3791 639 148 Les maximes

4522 3868 2090 598 La proposition qui auoit eté faitte jl y a quelques
