8028 6132
6730 1982 132 143 127

5794 1900 905 200 Du 14. Juin 1726.

5268 2084 1712 333 L'ambassadeur est sorty de chez

5564 2284 1339 194 luy Seul dans son Carosse a

5559 2391 1094 204 Vnze heures trois quarts.

5575 2544 1405 266 Jl a été chez M. Gruyn garde

5529 2723 1395 220 dutresor Royal ou jl na pas

5600 2876 256 169 Entré.

5518 2928 1513 245 dans la même Rue jl a dessendu

5580 3076 1415 230 chez vn sellier pour y voir vn

5580 3193 1328 246 Carosse que l'on fait pour vn

5605 3301 1365 245 ambassadeur, ou jl a resté vne

5605 3479 879 184 bonne demie heure.

5610 3582 1421 230 a l'hôtel de Talars Rue du grand

5631 3740 1456 220 Chantier ou jl a resté vne bonne

5626 3960 342 133 heure.

5631 3980 1477 245 au Temple chez M. le Com̃andeur

5590 4139 1487 204 de Caumartin ou jl a diné et d'ou

5651 4277 1477 240 Jl n'est sorty qu'a cinq heures ; vn

5667 4415 1384 255 Carosse a six cheuaux a luy est
