8028 6132
6464 413 235 399 144

4767 914 2274 276 Extrait d'vn memoire adressé de Bruxelles

4404 1124 2612 276 a vn particulier de paris par le Sʳ. de Malineus

4430 1292 2529 281 conᵉʳ. Et Controlleur des domaines Et finances de S.

4389 1481 2627 271 A. S. Mgʳ. Guilleaume hyacinte prince d'orange

4415 1660 2642 300 Et de Nassau Siegen, Contre Le nommé Lambert

4366 1824 2691 312 Jaspar natif de la ville de Liege Se disant de la

4420 1987 2631 271 famille Daubigny dont jl a vsurpé le nom, Estant

4425 2171 2529 232 d'vne tres basse Extraxion roturier dans les formes,

4415 2350 2488 285 Ledit memoire portant Expressement que le dit

4440 2514 2601 261 Malineus agit par l'ordre du prince Son mâitre

4445 2687 2612 268 de luy autorisé pour auoir justice des friponneries

4440 2846 2642 283 Et faussetez que led. daubigny commet journellemᵗ.

4440 3035 2540 252 sur des fausses commissions dont jl Se Sert au

4450 3188 1334 247 nom des princes de Nassau,

4440 3357 2657 304 Ce pretendu Daubigny Si disant Envoyé du prince

4436 3520 2651 279 guilleaume hyacinte D'orange de Nassau Siegen

4456 3704 2631 255 a fabriqué a l'jnsceu dud. prince une Commission

4450 3868 2310 236 D'Enuoyé pour aller complimenter le Roy

4450 4047 2566 168 D'angleterre Sur Son auenement a la couronne

4466 4220 2509 236 ce qu'jl a Executé, Et Sous ces fausses aparances

4471 4328 2626 255 jl a fripormné dans ce voyage Enuiron 10000ˡᵗ. a vn

4471 4537 812 189 gentil homme.

4445 4701 2494 258 Led. Daubigny a esté autrefois au seruice du

4461 4854 2509 230 prine guilleaume hyacinte de Nassau, mais jl

4481 5002 2611 322 a trahy son maitre Et abusé de sa confiance
