8028 6132
1415 1222 1962 208 Semaines par vne Compagnie particuliere pour

1410 1369 2039 204 augmenter le nombre des pèscheur ayant eté trouuée

1456 1522 1962 174 utile au bien du commerce on a trouvé a Propos

1425 1655 2029 199 de les communiquer dans les villes et lieux ou se font

1430 1798 2004 189 les pesches ; et comme ces nouveaux Expediens ont

1420 1967 2014 128 ouuert les yeux aux anciens Entrepreneurs de ce

1441 2100 2095 173 commerce, ils en ont demandé la preferance qui leur

1446 2222 2079 200 a été accordée aux memes conditions et que lon regarde

1461 2371 1911 219 comme vn acte de Justice ; et pour ne point ôter

1441 2514 1972 224 aux commercans des lieux les principaux sujets

1451 2718 848 153 de leurs Occupations ;

1466 2836 2049 286 Jl y à sur les routtes D'auuergne depuis dix a

1435 3004 2075 220 douse Jours vn sy grand nombre de boeufs et bestes

1425 3163 1952 178 à cornes que touttes les auberges et lieux ou ils

1420 3301 2080 168 ont coutume de loger ne les peuvent contenir il en

1435 3433 1937 220 Est de meme sur les routtes de Normandie

6592 1614 189 179 106

5212 1716 1783 220 on m'a donné auis ql. y a ⟦Jcy⟧

5202 1890 1456 199 a Paris un particulier

5207 2038 1732 256 pensionnaire des Estrangers

5207 2207 1563 256 qui Escrit tout ce qui se

5207 2381 1671 260 passe de considerable, et de

5171 2560 1717 270 secret a la Cour, et a laVille

5207 2718 1717 271 concernant les affaires d'Estat

5191 2948 1636 215 Jl est actuellement dans ce

5196 3127 1498 179 commerce Entrautres a

5156 3265 1814 245 Bruxelles ou Jl mande deux

5171 3449 1824 255 fois la sepmaine tous ce qui

5171 3663 1651 210 se passe auec beaucoup de

5191 3791 1697 240 Liberté de Langage, Jl est

5196 3955 1871 283 aysé de decouvrir cette manoeuure

5186 4103 1825 250 et d'en preuenir les suittes, en

5181 4266 1620 261 Jnterceptant les lettres ou

5196 4430 1278 286 manuscrits a la poste,

4691 4731 572 149 Mʳ. De Chantepie
