<?xml version="1.0" encoding="UTF-8"?>
<alto xmlns:xsi="http://www.w3.org/2001/XMLSchema-instance"
      xmlns="http://www.loc.gov/standards/alto/ns-v4#"
      xsi:schemaLocation="http://www.loc.gov/standards/alto/ns-v4# http://www.loc.gov/standards/alto/v4/alto-4-2.xsd">
  <Description>
    <MeasurementUnit>pixel</MeasurementUnit>
    <sourceImageInformation>
      <fileName>btv1b10724224z_f235.jpg</fileName>
      
    </sourceImageInformation>
  </Description>
  
  <Tags>
    <OtherTag ID="BT1669" LABEL="DamageZone" DESCRIPTION="block type DamageZone"/><OtherTag ID="BT1670" LABEL="DigitizationArtefactZone" DESCRIPTION="block type DigitizationArtefactZone"/><OtherTag ID="BT1671" LABEL="MainZone" DESCRIPTION="block type MainZone"/><OtherTag ID="BT1672" LABEL="MarginTextZone" DESCRIPTION="block type MarginTextZone"/><OtherTag ID="BT1673" LABEL="NumberingZone" DESCRIPTION="block type NumberingZone"/><OtherTag ID="BT1674" LABEL="QuireMarksZone" DESCRIPTION="block type QuireMarksZone"/><OtherTag ID="BT1675" LABEL="RunningTitleZone" DESCRIPTION="block type RunningTitleZone"/><OtherTag ID="BT1676" LABEL="StampZone" DESCRIPTION="block type StampZone"/><OtherTag ID="BT1677" LABEL="TableZone" DESCRIPTION="block type TableZone"/><OtherTag ID="BT1678" LABEL="TitlePageZone" DESCRIPTION="block type TitlePageZone"/>
    <OtherTag ID="LT640" LABEL="DefaultLine" DESCRIPTION="line type DefaultLine"/><OtherTag ID="LT641" LABEL="HeadingLine" DESCRIPTION="line type HeadingLine"/><OtherTag ID="LT642" LABEL="InterlinearLine" DESCRIPTION="line type InterlinearLine"/>
  </Tags>
  
  <Layout>
    <Page WIDTH="7992"
          HEIGHT="6120"
          PHYSICAL_IMG_NR="18"
          ID="eSc_dummypage_">
      <PrintSpace HPOS="0"
                  VPOS="0"
                  WIDTH="7992"
                  HEIGHT="6120">
        
        <TextBlock HPOS="6489"
                   VPOS="1175"
                   WIDTH="296"
                   HEIGHT="527"
                   ID="eSc_textblock_5de84044"
                   TAGREFS="BT1673">
          <Shape><Polygon POINTS="6553 1175 6489 1663 6785 1702 6785 1175"/></Shape>
          
          
          <TextLine ID="eSc_line_529169d0"
                    TAGREFS="LT640"
                    BASELINE="6577 1255 6625 1255 6761 1255" 
                    HPOS="6542"
                    VPOS="1183"
                    WIDTH="225"
                    HEIGHT="437">
            <Shape><Polygon POINTS="6542 1620 6765 1600 6767 1315 6747 1183 6600 1188 6574 1254"/></Shape>
	    <String CONTENT="225"
                    HPOS="6542"
                    VPOS="1183"
                    WIDTH="225"
                    HEIGHT="437"></String>
          </TextLine>

          
        </TextBlock>
        
        <TextBlock HPOS="4619"
                   VPOS="1264"
                   WIDTH="2390"
                   HEIGHT="2908"
                   ID="eSc_textblock_4f77092b"
                   TAGREFS="BT1671">
          <Shape><Polygon POINTS="4619 1280 4627 4172 7009 4116 6977 1264"/></Shape>
          
          
          <TextLine ID="eSc_line_50d6a995"
                    TAGREFS="LT641"
                    BASELINE="5513 1412 6283 1382 6788 1392" 
                    HPOS="5508"
                    VPOS="1249"
                    WIDTH="1280"
                    HEIGHT="179">
            <Shape><Polygon POINTS="5513 1428 6783 1397 6788 1392 6783 1285 6477 1269 6472 1269 6467 1269 6410 1295 6405 1295 6365 1254 6365 1249 6359 1249 6354 1249 6247 1249 6242 1249 6237 1249 6232 1249 6196 1285 6069 1300 6043 1280 6043 1275 6038 1275 6033 1275 6028 1275 6023 1275 5957 1305 5951 1305 5742 1259 5737 1259 5732 1259 5508 1315 5513 1412"/></Shape>
	    <String CONTENT="a Londres ce 12ᵉ Juin 1727"
                    HPOS="5508"
                    VPOS="1249"
                    WIDTH="1280"
                    HEIGHT="179"></String>
          </TextLine>

          
          
          <TextLine ID="eSc_line_bd7e75db"
                    TAGREFS="LT640"
                    BASELINE="4804 1815 6288 1754 6987 1764" 
                    HPOS="4804"
                    VPOS="1611"
                    WIDTH="2183"
                    HEIGHT="245">
            <Shape><Polygon POINTS="6961 1611 6885 1642 6696 1621 6671 1621 6665 1621 6660 1621 6645 1626 6548 1652 6497 1632 6482 1626 6477 1626 6472 1626 6467 1626 6461 1626 6456 1632 6416 1657 6252 1642 6181 1637 6176 1637 6171 1637 6150 1647 6104 1667 5946 1657 5824 1647 5819 1647 5814 1647 5809 1647 5793 1662 5773 1682 5365 1688 5350 1682 5319 1662 5314 1662 5309 1662 5304 1662 4840 1703 4804 1744 4804 1815 4804 1846 5044 1856 5049 1856 5181 1835 5334 1810 5457 1825 5584 1841 5589 1841 5594 1841 5661 1815 5712 1795 5992 1790 6038 1805 6104 1825 6110 1825 6115 1825 6120 1825 6217 1800 6278 1779 6329 1795 6400 1815 6405 1815 6410 1815 6706 1779 6767 1774 6793 1779 6910 1800 6915 1800 6920 1800 6987 1769 6987 1764 6971 1616 6961 1611"/></Shape>
	    <String CONTENT="La poste va partir, et je n&#39;ay qu&#39;un"
                    HPOS="4804"
                    VPOS="1611"
                    WIDTH="2183"
                    HEIGHT="245"></String>
          </TextLine>

          
          
          <TextLine ID="eSc_line_e85321ea"
                    TAGREFS="LT640"
                    BASELINE="4702 1963 6997 1917" 
                    HPOS="4697"
                    VPOS="1815"
                    WIDTH="2300"
                    HEIGHT="179">
            <Shape><Polygon POINTS="4702 1963 4702 1994 6992 1937 6997 1917 6987 1835 6375 1815 6370 1815 5962 1846 5737 1820 5732 1820 5727 1820 5722 1820 5681 1851 5462 1825 5457 1825 4697 1876 4702 1963"/></Shape>
	    <String CONTENT="moment de temps pour vous remercier"
                    HPOS="4697"
                    VPOS="1815"
                    WIDTH="2300"
                    HEIGHT="179"></String>
          </TextLine>

          
          
          <TextLine ID="eSc_line_bc880e12"
                    TAGREFS="LT640"
                    BASELINE="4692 2121 6971 2070" 
                    HPOS="4687"
                    VPOS="1953"
                    WIDTH="2284"
                    HEIGHT="209">
            <Shape><Polygon POINTS="4692 2121 4692 2131 4916 2162 4921 2162 5161 2126 5166 2126 5176 2126 5365 2157 5370 2157 5375 2157 5462 2121 5589 2152 5594 2152 5600 2152 5605 2152 5671 2116 5681 2116 5793 2136 5798 2136 6084 2111 6130 2106 6135 2106 6186 2131 6191 2131 6196 2131 6548 2101 6569 2101 6579 2101 6737 2126 6742 2126 6971 2091 6971 2070 6956 1983 6390 1988 6181 1953 6176 1953 6171 1953 5992 1999 5829 1973 5824 1973 5819 1973 5814 1973 5814 1978 5809 1978 5788 2004 5671 1963 5666 1963 5661 1963 5656 1963 5651 1963 5589 2004 5242 2014 5146 1973 5140 1973 5135 1973 4916 1978 4911 1978 4906 1978 4906 1983 4901 1983 4880 2009 4794 1983 4789 1983 4783 1983 4778 1983 4687 2024 4692 2121"/></Shape>
	    <String CONTENT="de la lettre que Je viens de recevoir, et"
                    HPOS="4687"
                    VPOS="1953"
                    WIDTH="2284"
                    HEIGHT="209"></String>
          </TextLine>

          
          
          <TextLine ID="eSc_line_ff862127"
                    TAGREFS="LT640"
                    BASELINE="4692 2284 6941 2238" 
                    HPOS="4687"
                    VPOS="2147"
                    WIDTH="2254"
                    HEIGHT="178">
            <Shape><Polygon POINTS="4692 2284 4692 2325 6941 2259 6941 2238 6931 2157 5686 2147 5681 2147 5023 2187 4957 2162 4952 2162 4947 2162 4687 2198 4692 2284"/></Shape>
	    <String CONTENT="pour vous prier de vouloir consommer et"
                    HPOS="4687"
                    VPOS="2147"
                    WIDTH="2254"
                    HEIGHT="178"></String>
          </TextLine>

          
          
          <TextLine ID="eSc_line_5e4ebbce"
                    TAGREFS="LT640"
                    BASELINE="4681 2448 6813 2397" 
                    HPOS="4681"
                    VPOS="2289"
                    WIDTH="2132"
                    HEIGHT="215">
            <Shape><Polygon POINTS="4681 2422 4681 2448 4681 2483 4845 2504 4850 2504 4855 2504 4942 2478 4998 2463 5130 2473 5304 2483 5309 2483 5498 2458 5574 2453 5635 2458 5931 2478 5936 2478 6227 2437 6278 2432 6319 2432 6594 2463 6599 2463 6813 2417 6813 2397 6803 2320 6594 2289 6589 2289 6176 2330 6161 2330 6140 2330 5543 2315 5538 2315 5533 2315 5528 2315 5492 2346 5487 2346 5355 2320 5350 2320 5345 2320 5339 2320 5309 2351 5304 2351 5293 2351 5115 2325 5110 2325 4697 2361 4681 2422"/></Shape>
	    <String CONTENT="ce que vous aves commencé. Le Roy"
                    HPOS="4681"
                    VPOS="2289"
                    WIDTH="2132"
                    HEIGHT="215"></String>
          </TextLine>

          
          
          <TextLine ID="eSc_line_20e3c705"
                    TAGREFS="LT640"
                    BASELINE="4666 2636 6885 2570" 
                    HPOS="4661"
                    VPOS="2437"
                    WIDTH="2224"
                    HEIGHT="235">
            <Shape><Polygon POINTS="4666 2636 4666 2672 4850 2646 4998 2662 5115 2672 5120 2672 5125 2672 5130 2672 5151 2657 5181 2631 5416 2631 5457 2641 5508 2662 5513 2662 5518 2662 5523 2662 5610 2636 5656 2626 5809 2631 6043 2636 6048 2636 6053 2636 6089 2621 6104 2611 6155 2616 6319 2636 6324 2636 6329 2636 6385 2606 6390 2606 6395 2606 6477 2626 6482 2626 6487 2626 6614 2595 6630 2595 6635 2595 6691 2621 6696 2621 6701 2621 6880 2585 6885 2570 6869 2437 6716 2442 6711 2442 6706 2442 6706 2448 6655 2499 6288 2504 6217 2468 6212 2468 6206 2468 6201 2468 6196 2468 6176 2473 6033 2509 5936 2483 5870 2468 5865 2468 5860 2468 5855 2468 5849 2468 5849 2473 5824 2488 5804 2509 5707 2499 5589 2483 5584 2483 5579 2483 5513 2509 5452 2529 5258 2519 4794 2499 4789 2499 4783 2499 4661 2544 4666 2636"/></Shape>
	    <String CONTENT="s&#39;embarquera apres demain pour la"
                    HPOS="4661"
                    VPOS="2437"
                    WIDTH="2224"
                    HEIGHT="235"></String>
          </TextLine>

          
          
          <TextLine ID="eSc_line_06a1ffa5"
                    TAGREFS="LT640"
                    BASELINE="4666 2805 6982 2759" 
                    HPOS="4661"
                    VPOS="2621"
                    WIDTH="2321"
                    HEIGHT="229">
            <Shape><Polygon POINTS="6956 2728 6946 2662 6558 2621 6553 2621 6548 2621 6446 2672 6446 2677 6370 2677 6099 2677 6002 2631 5997 2631 5992 2631 5987 2631 5982 2631 5982 2636 5931 2682 5926 2682 5911 2682 5543 2646 5538 2646 5273 2692 5268 2692 5191 2646 5186 2646 5181 2646 5176 2646 5171 2646 5069 2697 5064 2697 5059 2697 4926 2652 4921 2652 4916 2652 4738 2657 4732 2657 4727 2657 4692 2672 4661 2764 4666 2805 4671 2850 4758 2820 5100 2835 5105 2835 5110 2835 5120 2835 5324 2810 5390 2825 5421 2835 5426 2835 5431 2835 5579 2820 5793 2799 6181 2799 6926 2805 6931 2805 6936 2805 6941 2805 6982 2774 6982 2759 6971 2667 6956 2662 6956 2728"/></Shape>
	    <String CONTENT="Hollande, de sorte que Monsieur le Baron"
                    HPOS="4661"
                    VPOS="2621"
                    WIDTH="2321"
                    HEIGHT="229"></String>
          </TextLine>

          
          
          <TextLine ID="eSc_line_3e1eb936"
                    TAGREFS="LT640"
                    BASELINE="4681 2968 6956 2917" 
                    HPOS="4676"
                    VPOS="2799"
                    WIDTH="2280"
                    HEIGHT="220">
            <Shape><Polygon POINTS="4681 2968 4681 2988 4901 3019 4906 3019 4911 3019 4987 2983 4993 2983 5033 3003 5038 3003 5044 3003 5268 2978 5360 2968 5385 2973 5447 2998 5452 2998 5457 2998 5462 2998 5467 2998 5503 2973 5508 2968 5543 2973 5737 2998 5742 2998 5747 2998 5880 2963 5911 2958 6053 2958 6064 2958 6104 2988 6110 2988 6115 2988 6120 2988 6125 2988 6130 2988 6171 2958 6181 2952 6308 2952 6314 2952 6339 2978 6339 2983 6344 2983 6349 2983 6354 2988 6497 2988 6497 2983 6956 2937 6956 2917 6941 2830 6604 2830 6502 2799 6497 2799 6492 2799 6018 2850 5605 2850 5543 2825 5538 2825 5533 2825 5528 2825 5523 2825 5487 2856 5426 2830 5421 2830 5416 2830 5411 2830 5288 2861 5161 2830 5156 2830 5151 2830 5146 2830 5140 2830 5089 2866 4952 2835 4947 2835 4942 2835 4855 2871 4783 2840 4778 2840 4773 2840 4768 2840 4676 2876 4681 2968"/></Shape>
	    <String CONTENT="de Groote ne sera pas icy à temps, en"
                    HPOS="4676"
                    VPOS="2799"
                    WIDTH="2280"
                    HEIGHT="220"></String>
          </TextLine>

          
          
          <TextLine ID="eSc_line_8b521c71"
                    TAGREFS="LT640"
                    BASELINE="4671 3156 5890 3111 7002 3100" 
                    HPOS="4666"
                    VPOS="2968"
                    WIDTH="2336"
                    HEIGHT="224">
            <Shape><Polygon POINTS="6971 2993 6885 2968 6880 2968 6875 2968 6869 2968 6864 2968 6864 2973 6829 3009 6232 3019 6115 2978 6110 2978 6104 2978 6002 2983 5997 2983 5992 2983 5992 2988 5951 3024 5829 2988 5824 2988 5819 2988 5610 3034 5574 3003 5569 3003 5564 3003 5559 3003 5436 3024 5288 2998 5283 2998 5023 3054 4814 3054 4758 3024 4753 3024 4748 3024 4743 3024 4738 3024 4681 3049 4666 3100 4671 3156 4671 3172 4870 3162 4885 3172 4921 3192 4926 3192 4931 3192 4936 3192 5069 3167 5115 3156 5135 3162 5191 3187 5197 3187 5202 3187 5207 3187 5212 3187 5237 3162 5242 3162 5253 3162 5421 3182 5426 3182 5589 3156 5702 3131 6385 3121 6405 3136 6426 3151 6426 3156 6431 3156 6436 3156 6441 3156 6997 3121 7002 3100 6997 3080 6971 2993"/></Shape>
	    <String CONTENT="cas qu&#39;il soit parti de Paris. en cas qu&#39;il"
                    HPOS="4666"
                    VPOS="2968"
                    WIDTH="2336"
                    HEIGHT="224"></String>
          </TextLine>

          
          
          <TextLine ID="eSc_line_bab6d404"
                    TAGREFS="LT640"
                    BASELINE="4676 3340 6931 3258" 
                    HPOS="4666"
                    VPOS="3121"
                    WIDTH="2265"
                    HEIGHT="260">
            <Shape><Polygon POINTS="4676 3340 4676 3381 4957 3345 5324 3360 5370 3360 5375 3360 5396 3355 5538 3320 6931 3289 6931 3258 6910 3121 6824 3167 6635 3172 6507 3141 6456 3131 6451 3131 6446 3131 6385 3151 6354 3156 6339 3151 6298 3136 6293 3136 6288 3136 6283 3136 6278 3136 6247 3156 6222 3172 6171 3162 6079 3141 6074 3141 6069 3141 6013 3167 5997 3177 5987 3172 5946 3146 5941 3146 5936 3146 5931 3146 5926 3146 5860 3177 5809 3202 5640 3207 5600 3192 5533 3162 5528 3162 5523 3162 5518 3162 5513 3162 5467 3197 5447 3218 5217 3223 5130 3218 4840 3187 4834 3187 4829 3187 4666 3238 4676 3340"/></Shape>
	    <String CONTENT="y soit encore, Monsʳ le Lieutenᵗ general"
                    HPOS="4666"
                    VPOS="3121"
                    WIDTH="2265"
                    HEIGHT="260"></String>
          </TextLine>

          
          
          <TextLine ID="eSc_line_cc64876e"
                    TAGREFS="LT640"
                    BASELINE="4687 3524 5503 3478 6946 3442" 
                    HPOS="4676"
                    VPOS="3289"
                    WIDTH="2270"
                    HEIGHT="270">
            <Shape><Polygon POINTS="4687 3524 4687 3559 5467 3503 5620 3524 5645 3524 5651 3524 5707 3518 5946 3488 6303 3488 6824 3493 6829 3493 6834 3493 6946 3457 6946 3442 6936 3304 6864 3289 6859 3289 6854 3289 6849 3289 6793 3314 6716 3350 6660 3320 6609 3294 6604 3294 6599 3294 6594 3294 6589 3294 6553 3325 6518 3355 6477 3330 6472 3330 6467 3330 6461 3330 6436 3335 6298 3360 6268 3340 6217 3309 6212 3309 6206 3309 6099 3309 6094 3309 6089 3309 5982 3355 5936 3376 5900 3360 5819 3320 5814 3320 5809 3320 5804 3320 5798 3320 5727 3365 5707 3381 5656 3371 5528 3345 5523 3345 5350 3386 5299 3401 5212 3401 5207 3391 5156 3350 5156 3345 5151 3345 5146 3345 5140 3345 4885 3350 4880 3350 4676 3416 4687 3524"/></Shape>
	    <String CONTENT="de Police est tres humblement supplié"
                    HPOS="4676"
                    VPOS="3289"
                    WIDTH="2270"
                    HEIGHT="270"></String>
          </TextLine>

          
          
          <TextLine ID="eSc_line_b564f66d"
                    TAGREFS="LT640"
                    BASELINE="4681 3712 5523 3661 7022 3631" 
                    HPOS="4676"
                    VPOS="3498"
                    WIDTH="2346"
                    HEIGHT="245">
            <Shape><Polygon POINTS="6992 3544 6773 3544 6691 3498 6686 3498 6681 3498 6676 3498 6671 3498 6665 3498 6579 3554 6171 3559 6033 3513 6028 3513 6023 3513 6018 3513 5844 3569 5702 3524 5696 3524 5691 3524 5686 3524 5543 3559 5365 3534 5360 3534 5355 3534 5350 3534 5273 3590 5191 3539 5186 3539 5181 3539 5176 3539 5171 3539 5059 3595 4875 3595 4804 3554 4799 3554 4794 3554 4789 3554 4676 3600 4681 3712 4681 3743 7017 3651 7022 3631 7017 3620 6992 3544"/></Shape>
	    <String CONTENT="de vouloir bien tenir la main afin qu&#39;il"
                    HPOS="4676"
                    VPOS="3498"
                    WIDTH="2346"
                    HEIGHT="245"></String>
          </TextLine>

          
          
          <TextLine ID="eSc_line_2e238bed"
                    TAGREFS="LT640"
                    BASELINE="4671 3875 6885 3784" 
                    HPOS="4661"
                    VPOS="3677"
                    WIDTH="2224"
                    HEIGHT="244">
            <Shape><Polygon POINTS="4671 3875 4671 3921 4891 3916 4896 3916 4901 3916 4901 3911 4906 3911 4926 3886 5115 3906 5156 3906 5161 3906 5166 3906 5186 3901 5288 3870 5528 3881 5645 3886 5651 3886 5758 3870 5906 3845 6069 3850 6263 3860 6268 3860 6885 3804 6885 3784 6869 3697 6553 3707 6548 3707 6426 3677 6421 3677 6416 3677 6410 3677 6405 3677 6405 3682 6370 3717 6365 3722 6206 3722 6201 3722 6145 3687 6140 3687 6135 3687 6130 3687 5895 3738 5875 3738 5834 3738 5396 3717 5390 3717 5385 3717 5212 3763 5207 3763 5202 3763 4926 3738 4921 3738 4916 3738 4911 3738 4845 3779 4743 3753 4738 3753 4732 3753 4727 3753 4661 3779 4671 3875"/></Shape>
	    <String CONTENT="parte au plutost pour se rendre a"
                    HPOS="4661"
                    VPOS="3677"
                    WIDTH="2224"
                    HEIGHT="244"></String>
          </TextLine>

          
          
          <TextLine ID="eSc_line_cd5f0d69"
                    TAGREFS="LT640"
                    BASELINE="4681 4049 6941 3926" 
                    HPOS="4676"
                    VPOS="3824"
                    WIDTH="2265"
                    HEIGHT="266">
            <Shape><Polygon POINTS="4681 4049 4681 4090 5171 4039 6941 3962 6941 3926 6931 3845 6563 3824 6558 3824 6084 3896 5615 3906 5538 3881 5533 3881 5528 3881 5523 3881 5518 3881 5518 3886 5482 3926 5115 3937 5069 3911 5064 3911 5059 3911 5054 3911 5049 3911 4982 3947 4773 3921 4768 3921 4763 3921 4676 3962 4681 4049"/></Shape>
	    <String CONTENT="Hanovre. Adieu mon ami Je vous"
                    HPOS="4676"
                    VPOS="3824"
                    WIDTH="2265"
                    HEIGHT="266"></String>
          </TextLine>

          
          
          <TextLine ID="eSc_line_ce9b867e"
                    TAGREFS="LT640"
                    BASELINE="5314 4105 6956 4039" 
                    HPOS="5309"
                    VPOS="3937"
                    WIDTH="1647"
                    HEIGHT="255">
            <Shape><Polygon POINTS="6829 3937 6824 3937 6818 3937 6778 3962 6584 3947 6579 3947 6441 3977 6431 3977 6390 3977 6104 3972 6074 3977 6023 3977 5972 3983 5921 3983 5880 3983 5839 3998 5814 4003 5804 3998 5783 3988 5768 3993 5717 3993 5666 3998 5615 4003 5564 4003 5513 4008 5462 4008 5411 4013 5365 4013 5324 4013 5309 4018 5314 4105 5314 4192 6956 4151 6956 4039 6946 3962 6834 3937 6829 3937"/></Shape>
	    <String CONTENT="ecriray par le premier ordinaire."
                    HPOS="5309"
                    VPOS="3937"
                    WIDTH="1647"
                    HEIGHT="255"></String>
          </TextLine>

          
        </TextBlock>
        
        <TextBlock HPOS="5602"
                   VPOS="1447"
                   WIDTH="232"
                   HEIGHT="183"
                   ID="eSc_textblock_29c1eb16"
                   TAGREFS="BT1676">
          <Shape><Polygon POINTS="5602 1447 5602 1630 5834 1630 5834 1447"/></Shape>
          
        </TextBlock>
        

        
      </PrintSpace>
    </Page>
  </Layout>
</alto>
