7992 6120
5125 1208 1382 230 Ce 20. feuvrier 1727.

4401 1417 785 311 Monsieur

4376 1862 2488 727 Je crois deuoir vous Informer que peu de

4518 2376 2357 235 personnes jgnorent dans paris le depart

4534 2519 2341 204 de M. Le Duc d'arremberg, et que l'ordre

4539 2687 2346 184 que ce Seigneur a Reçu pour en partir luy

4574 2805 2372 234 fut porté chez M. le grand prieur ou il estoit

4549 2973 2269 209 a souper et d'ou il sortit si Rempli de

4549 3146 2351 194 vapeurs Bachiques que l'on fut obligé

4549 3294 2356 173 de le monter dans Sa Chaise ; mais bien

4549 3452 2382 214 des Gens ne sçavent pas, comme je le viens

4574 3615 2367 220 d'aprendre, qu'il est resté jcy vn secretaire

4564 3819 2168 243 de M. Le Duc d'arremberg, qui est

4595 3993 2320 255 a ce que l'on assure, chargé de veiller

6533 1091 255 280 203
