8028 6132
6520 1849 158 133 197

5365 1737 1518 255 Du mercredie 9ᵉ. octobre 1726

5033 1875 1753 383 Le Sʳ. Manger est sortie de chéz

5043 2074 1804 358 luy a cinq heures apres midie auec

5043 2207 1855 327 une personne pour aller a la comedie,

5048 2345 1850 342 Et apres le spectacle finie, Jls ont

5059 2483 1865 358 entréz chéz le Sʳ. Procope marchand

5059 2621 1849 363 de caffé uis a uis la comedie ou Jls

5048 2795 1768 301 ont bus un Verre de Limonade

5079 2928 1768 357 apres quoy Jl est retourné chéz luy

5641 3132 731 255 Dudit Jour

5059 3224 1875 383 Le Sʳ. Brutel n'est point sortie de

5059 3546 485 220 chéz luy

5575 3571 1134 302 Du Jeudie 10ᵉ. octobre

5033 3735 1886 393 Le Sʳ. Manger est sortie a sept heures

5069 3919 1850 322 du matin pour aller chéz lepicier

5064 4067 1936 327 Vinache demᵗ. au fauxb. Sᵗ. antoine

5074 4200 1947 347 proche ⟦la⟧  le couuent de la raquette

5079 4374 1952 322 dou Jl n'est reuenu que le lendemain

5053 4532 1804 297 sur les cinq heures de soir, Jl est
