7992 6132
2183 1277 2096 204 demeurent les gens de Mʳ. Le

2178 1425 2019 314 duc de Bournonuille, il n'y a

2127 1578 2055 271 parlé qu'au suisse, et sen est

2137 1752 1984 225 ⟦reuenu⟧  uenu entendre la

2091 1916 2219 276 Messe a saine Jean en greue, et

2173 2095 2142 276 retourné Chez luy d'ou il n'est

2157 2284 772 319 plus sorty ;

2132 2447 2142 276 Jl a receüe a midy une Lettre de

2121 2631 2056 245 la poste venant de madrid en

2147 2784 1836 271 espagnê ; et deux heures et

2142 2953 1779 245 demy la uisitte de deux

2193 3106 2091 281 Chanoines jtaliens qui sont sortys

2178 3301 2076 235 a Cinq heures dans un Carosse

2214 3474 2101 240 de place qui les auoit amenez ;

2132 3622 2147 297 on les a suiuy dans la rue du four

2137 3827 2153 281 fauxbourg Saint germain et on les

2127 4011 2040 278 à uü monter Chez un nommé

6406 1481 184 200 290

4734 1211 1933 250 Caquelin rotisseur au Carefour

4739 1349 1673 286 de la Croix rouge, ou ils

4745 1533 1559 245 logent au troisieme etage ;

5169 1778 1166 230 Du 21 dudit Mois

4729 1987 1923 261 Mʳ. de Macanas n'est sorty

4724 2187 1795 250 que pour aller à la meffe ;

4724 2350 1872 235 il a travaillé seul jusques a

4693 2524 1938 214 six heures du soir, que Mʳ. Le

4699 2662 1845 271 Conte de Sainte Croix L'est

4729 2871 1861 281 uenu trouver, et n'en est sorty

4699 3086 644 353 qu'a huit ;
