8028 6132
1686 1022 2366 204 meme dans les sommes qu'jl avoit receues pour

1655 1165 1876 189 lors dont jl est encore comptable.

1627 1304 2425 258 Deplus led. Daubigny a fait un faux acte

1655 1502 2397 189 qui est cause de la ruine Et desunion de S. A. []

1665 1640 2387 214 auec la Princesse Son Epouse que la chose Est

1660 1808 2402 225 deuenue jrreparable a jamais, Cet acte a Esté

1655 1967 2397 225 fortifié d'une fausse signature que le dit

1650 2151 2412 204 Daubigny y auoit aposée comme Si Elle Eust

1655 2304 2402 245 Esté faite par Sadite Altesse En y joignant

1614 2468 1130 199 Le cachet du prince.

1645 2616 2432 235 Depuis cette fausseté led. Daubigny a contrefait

1671 2805 2406 194 une autre commission d'Envoyé a la cour de fran[]

1655 2948 2422 220 de la part du prince Emanuel de Nassau, Le

1655 3122 2422 194 Sieur de Montargon jntendant dud. prince

1650 3265 2427 204 Logé Rue du Roy Doré au marais Lequel

1665 3428 2417 210 Estant jnformé de cette pretendue commission

1660 3602 2422 215 En auroit donné auis au prince qui auroit fait

1665 3760 2417 225 reponce par plusieurs lettres que cette commis[]

1650 3924 2371 209 Estoit contrefaite Estant fausse Et qujl ne

1650 4082 1962 241 deuoit point y adjouter aucune fois.

1619 4261 2433 230 Led. Daubigny a encore friponné 1472ˡᵗ. 10.

1650 4420 2366 235 citoyen noble de Paris tant pour nouriture

1630 4583 2396 230 Logement qu'argent presté Et a plusieurs

1645 4731 2432 246 autres particuliers differentes sommes qu'jl [..]

1640 4900 2284 204 a emportées Sous les fausses aparances

1650 5038 2422 388 d'Enuoyé Tantost de la part du prince guillea[]

6689 608 199 347 145

4440 889 2657 265 hyacinte, que de celle du Prince Emanuel de Nassau

4435 1124 1436 209 frere cadet dud. guillaume.

4395 1267 2636 346 Jl conuient de sassurer de la personne dudit

4445 1425 2423 256 Daubigny mais sur tout de son portefeuille

4466 1604 2575 240 qui peut peser dix liures qui est entre les mains

4461 1768 2422 219 dela nommée Jeanneton fille d'vn nomme

4461 1916 2575 235 Simon palefrenier a l'hostel de Crussol rue

4481 2110 2591 194 Sᵗ. Nicaise auec laquelle jl est en mauuais

4486 2263 2627 215 commerce jl y a quatre ans, Et si le portefeuille

4491 2437 2520 158 ne se trouvoit point chez cette fille on le

4517 2575 2478 209 trouveroit chez Mʳ. de Rauenel rue des

4502 2749 1027 204 francs Bourgeois.

4481 2912 2519 194 On adjoute a cepresent Extrait que led.

4507 3091 2636 215 Daubigny Est chevalier de l'ordre de Sᵗ. Lazare

4512 3265 2560 204 que cela luy facilite l'entrée dans differentes

4522 3433 2545 200 maisons ou jl ne subsiste que par des tours

4517 3597 2412 209 de friponnerie Et pour derniere ressource jl

4522 3766 2591 189 S'Est Erigé en Solliciteur de procez ⟦.......⟧

4507 3929 2519 184 pour des juifs Et pour toutes sortes de

4522 4088 2529 173 personnes Et meme jl Se deguise tantost

4537 4241 2612 286 en abbé en manteau court Et tantost en laïque
