7696 6128
6495 1609 89 147 21

4191 1681 2384 150 Raport des differens endroits ou a eté M. destinville depuis le p^er

4164 1814 494 133 Janvier 1746.

4185 1950 1382 136 Cejour M. destinville na vu personne.

4171 2086 2414 194 Le 2. il a vu chez lui M. de la Combe, M. de Bourge, M le Baige

4154 2229 865 137 et M. Estortini Jtalien

4164 2396 2418 123 de 3. M. destinville a vu chez lui M. Grosse et M. de la Riviere du

4134 2549 469 143 Luxembourg

4147 2686 2411 163 Le 4. M. desteinville a vu chez lui M. Girard, M. Roullin, M. labbé

4137 2852 2343 143 Roullin, M. de Challos, M. le Comte de Montmorin et M. daubigny,

4151 2975 2346 160 auec lesquels il a diné chez Mad^e de suzanche apres diné il a eté

4154 3142 2472 136 chez M. de Montmartel et cez M lamb^r de Portugal a lassemblée

4185 3305 2312 157 Le 5. M. desteinville a vu chez M. fesch, M. Poisson, M. de la

4174 3455 2078 160 Tournelle sous jntroducteur et M. le Comte de Montmorin.

4188 3622 2391 208 Le 6. M. desteinville a vu chez lui M l'Envoyé de Modene, M. le

4164 3775 1451 191 Comte desaumery et M. labbé Barbier.
