7672 6128
6144 1172 179 201 197

3956 1358 2391 221 suivant les jnformations qu'on a faites en Consequence d'vn —

3933 1494 2332 249 Raport au sujet d'un officier qui est logé à l'hotel Jmperiale Ruë

3922 1664 2387 201 Dauphine sous le nom du General le mercier on a apris que ce

3933 1811 2329 211 meme officier qui s'est donné effectiuement pource General Mercier

3939 1960 2408 208 est M. de la Croix fameux partisan qui a serui dans les Troupes —

3939 2093 2411 225 de Boheme et D'hongrie, jl Ecrit souvent a differens officiers et signe

3939 2240 2476 235 ses Lettres LaCroix. partisan, Capitaine des Compagnies franches volontaires

4110 2403 2247 218 Jl loge aussi dans lhotel Jmperiale, vn seigneur Russien qui —

3963 2532 2404 246 est neveu de M. le Comte de Golosskin ambassadeur de Russie en —

3967 2798 347 116 hollande.

5051 2739 475 508 Possoz

4001 2965 630 218 Ce 5. Auril 796
