7696 6116
5952 1466 102 103 90

4688 1458 1076 96 Raport du 22 fev 1746

4338 1512 1699 186 M. le C^te de Betthens Est sortis à midy est

4332 1624 1763 193 allé rüe dela sourdiere chez M. de Charon

4328 1766 1397 177 ou Jl est Resté une heure et demie

4413 1861 1621 198 Ensuite chez M. le Cardinal de Rohan

4328 2001 1699 173 ou on croit qu'il à disné ayant Renvoyé

4328 2096 1675 211 Son carosse à deus hueres Et un quart qui

4335 2235 1726 214 n'est point revenù le Reprendre apparemment

4352 2347 1719 214 qu'il Est sortis auec quelqu'autre personne

4335 2446 1757 238 dans son Equissage dont on ne s'est cependant

4337 2599 1738 255 point appercue quoyqu'on aiye veu —

4335 2758 1651 191 arriuer, Et parties tous les carosses de Ceux

4332 2867 1654 207 qui auvoient disné, Et mesme sortir M. le

4325 3088 367 99 cardinal

4366 3105 1688 214 La mouche à Eté à tous les Spectacles pour

4332 3255 1746 224 observer si il ny Etoit pas, Jl ne la point

4342 3479 183 112 veu

4719 3373 688 211 dadvenel
