7708 6128
6528 1243 112 171 73

4331 1470 2273 164 Jl n'est pas possible de rendre bien exactement Compte de la

4331 1603 2360 153 Conduite de M. de Wassenaar aubassadeur Extraordinaire de hollande

4334 1763 2301 150 jusqu'a ce qu'on ait pu parvenir a gagner Lun de ses Domestiquues.

4330 1882 2383 181 il Loge a l'hotel du Parc Royal faubourg S^t Germain. Cet hotel a eté

4327 2066 2397 153 de tout tems contraire aux mouches tant par la quantité de Domestiques

4334 2240 2342 146 Etrangers qui sont continuellement sur la porte et aux Environs, que

4327 2372 2373 184 par beaucoup de petit Peuple qui est dans ce Canton et qui sans —

4323 2556 1890 170 sauoir pourquoi, contrecarre beaucoup les dites mouches.

4371 2743 1375 140 Ces jours passés on ne la pas vû sortir.

4382 2915 2186 179 Le 25. jl a eté chez M. lambanadeur ordinaire d'hollande et a

4317 3091 340 197 Lopera.
